4709 5675
1992 326 2427 389 ..15-

1003 508 1172 577 1112,
1249 508 1316 568 53
1408 524 1529 567 non
1581 506 1723 568 haec
1767 505 2060 587 patiemur
2104 516 2158 567 et
2201 522 2381 587 aequo
2426 502 2679 584 (nostro)

1107 620 1166 693 5,
1241 618 1308 681 3:
1399 637 1562 683 nunc
1602 627 1803 681 autem
1849 619 2029 681 sacris
2075 618 2348 680 Baiarum
2396 616 2651 678 maxima
2696 616 2945 695 lymphis

1110 732 1168 805 6,
1202 733 1314 792 523
1405 749 1742 813 conqueror
1785 732 1865 793 ite
1909 750 1942 792 a
1989 750 2087 791 me
2131 730 2282 792 seria
2327 730 2503 791 verba
2546 745 2751 809 precor

972 844 1074 906 llll
1111 846 1166 917 1,
1201 846 1311 907 55:
1399 862 1510 906 nec
1555 844 1735 906 valuit
1778 844 1981 925 ciclops
2026 852 2226 923 coptos
2271 852 2536 905 avertere
2582 860 2791 903 cursus

1111 958 1169 1031 5,
1250 961 1313 1019 1:
1399 969 1480 1020 est
1522 962 1624 1038 qui
1663 967 1722 1019 te
1767 955 2044 1017 Cerinthe
2091 956 2216 1017 dies
2263 955 2374 1017 hic.
2444 955 2585 1016 mihi
2630 954 2939 1027 sanctus¹)

793 1096 1142 1175 Sequuntur
1186 1096 1242 1157 ei
1287 1096 1400 1158 loci
1447 1096 1682 1176 quibus,
1732 1096 1887 1157 utin
1919 1093 2346 1175 prolegomenis
2380 1093 2645 1173 exposui,
2688 1092 3065 1155 iterationem
3099 1090 3391 1172 quandam
3428 1089 3921 1151 abundantiamve

506 1213 827 1277 tollendam
889 1210 1001 1272 sibi
1064 1229 1193 1272 esse
1252 1210 1476 1289 putavit
1536 1208 1758 1269 codicis
1815 1207 2114 1289 archetypi
2177 1206 2532 1281 librarius2).
2621 1205 2729 1267 Hic
2786 1206 2939 1287 typis
2992 1204 3282 1265 inclinatis
3329 1204 3618 1283 impressa
3664 1210 3808 1263 suut
3852 1220 3917 1261 ea

506 1345 661 1407 quae
705 1326 802 1387 ille
847 1326 936 1385 vel
983 1333 1248 1385 mutasse
1292 1323 1525 1383 videtur
1565 1322 1652 1382 vel
1699 1340 1834 1384 cum
1869 1321 2327 1401 interpolatione
2355 1338 2461 1381 sua
2493 1318 2803 1381 tradidisse
2832 1318 2921 1379 vel
2953 1317 3229 1379 omisisse
3261 1317 3347 1377 vel
3383 1324 3622 1376 notasse
3653 1323 3921 1385 tantum:

510 1440 596 1500 eis
643 1446 840 1499 autem
887 1435 1027 1500 locis
1074 1436 1288 1517 quibus
1334 1435 1475 1517 quid
1521 1434 1790 1496 Tibullus
1842 1434 2143 1513 scripserit
2187 1432 2531 1511 ignoramus
2577 1431 2751 1493 verba
2799 1430 2873 1493 ab
2919 1431 3015 1491 illo
3062 1430 3350 1491 inculcata
3398 1427 3625 1490 uncinis
3670 1426 3920 1488 seiunxi.

520 1551 960 1632 Displicuerunt
1005 1549 1180 1630 igitur
1221 1547 1336 1610 illi:

1061 1690 1084 1752 1
1121 1691 1174 1762 1,
1207 1688 1320 1749 25:
1406 1687 1522 1749 iam
1572 1687 1748 1748 modo
1791 1691 1912 1748 iam
1955 1690 2174 1767 possim
2223 1693 2541 1747 contentus
2588 1684 2777 1745 vivere
2824 1702 3004 1763 parvo

1120 1804 1172 1874 l,
1207 1800 1318 1862 43:
1408 1819 1586 1881 parva
1633 1818 1800 1879 seges
1846 1800 1988 1863 satis
2033 1809 2125 1861 est
2167 1803 2306 1861 satis
2348 1810 2429 1861 eat
2470 1798 2847 1879 requiescere
2892 1797 3042 1857 lecto

1118 1915 1175 1987 3,
1251 1914 1316 1973 4:
1409 1912 1709 1975 abstineas
1753 1914 1948 1974 avidas
1995 1912 2150 1974 Mors
2191 1929 2401 1993 precor
2445 1922 2577 1974 otro
2623 1928 2833 1971 manus

1408 2028 1702 2090 abstineas
1748 2026 1905 2089 Mors
1952 2035 2078 2087 atra
2123 2042 2350 2106 precor.

1117 2141 1176 2213 7,
1208 2140 1321 2202 49:
1411 2140 1529 2203 huc
1571 2141 1714 2201 ades
1758 2134 2090 2220 et‘qenium
2135 2138 2287 2200 ludis
2333 2137 2698 2217 geniumque
2744 2133 2974 2196 choreis

1042 2252 1090 2314 ll
1126 2255 1180 2323 1,
1211 2253 1324 2315 67:
1413 2255 1540 2335 ipse
1581 2257 1840 2335 interque
1881 2270 2075 2333 yreqes
2117 2252 2395 2332 interque
2440 2258 2706 2311 armenta
2752 2246 2977 2328 Cupido

1419 2374 1591 2427 natus
1637 2375 1695 2426 et
1737 2366 2056 2427 indomitas
2103 2364 2318 2425 dicitur
2364 2363 2523 2425 inter
2567 2379 2747 2442 equas

1122 2479 1180 2550 4,
1214 2476 1324 2537 293
1411 2478 1528 2556 [bic
1574 2478 1674 2539 dat
1718 2479 1992 2540 avaritiae
2037 2476 2263 2555 causas]
2306 2484 2365 2537 et
2410 2476 2523 2536 Coa
2573 2473 2777 2554 puellis
2794 2472 2846 2552 ³)

1012 2588 1176 2661 1112,
1209 2588 1320 2650 23:
1405 2590 1524 2653 illic
1567 2610 1712 2670 quas
1760 2590 1938 2651 mittit
1982 2590 2140 2651 dives
2190 2588 2473 2651 Panchaia
2521 2604 2749 2648 merces

1401 2704 1612 2779 eoique
1658 2702 1878 2764 Arabes
1923 2704 2077 2765 dives
2123 2711 2182 2764 et
2226 2700 2457 2780 Assyria

1117 2815 1175 2886 4,
1252 2814 1318 2877 3:
1409 2816 1490 2878 ite
1535 2816 1742 2898 procul
1787 2817 1920 2878 vani
1970 2815 2297 2896 falsumque
2344 2812 2587 2876 avertite
2634 2811 2821 2874 visum

1407 2929 1660 2990 desinite
1709 2930 1768 2989 in
1815 2933 1981 2991 vanis
2025 2947 2312 3009 quaerere
2359 2927 2505 2988 velle
2550 2927 2725 2987 fidem

1118 3040 1177 3110 4,
1209 3040 1324 3102 653
1411 3060 1613 3104 saevus
1656 3043 1832 3104 Amor
1876 3042 2062 3104 docuit
2107 3041 2329 3103 validos
2372 3051 2647 3120 temptare
2690 3037 2975 3112 labores⁴)

1413 3171 1625 3215 saevus
1671 3156 1850 3215 Amor
1896 3154 2095 3215 docuit
2142 3153 2385 3214 verbera
2430 3170 2601 3213 saeva
2647 3153 2768 3231 pati

1117 3265 1178 3338 4,
1209 3265 1323 3326 66:
1411 3284 1622 3327 saevus
1666 3268 1846 3327 Amor
1893 3266 2094 3328 docuit
2137 3266 2379 3328 verbera
2425 3283 2599 3327 saeva
2640 3264 2761 3346 pati

1120 3377 1178 3449 6,
1259 3380 1323 3438 13
1414 3378 1661 3441 candide
1708 3378 1880 3440 Liber
1925 3381 2064 3441 ades

1252 3488 1318 3551 3:
1407 3492 1516 3554 huc
1559 3491 1752 3567 ades⁵)
1799 3501 1963 3573 atque
1997 3489 2144 3572 (?)⁰)
2191 3510 2393 3552 meum
2441 3491 2663 3571 pariter
2708 3490 2995 3552 medicare
3040 3489 3303 3551 dolorem

1117 3602 1178 3673 6,
1211 3601 1318 3663 21:
1408 3605 1675 3666 convenit
1718 3604 1903 3666 iratus
1949 3604 2241 3666 nimium
2289 3603 2739 3684 nimiumque
2782 3621 3015 3664 severos

1118 3713 1177 3786 6,
1206 3712 1316 3776 233
1408 3717 1595 3796 qualis
1640 3717 1731 3778 bis
1777 3734 1999 3798 poenas
2045 3718 2231 3798 qualis
2275 3727 2650 3798 quantusque
2698 3717 2957 3778 minetur

979 3824 1087 3886 1111
1123 3828 1175 3900 1,
1209 3827 1318 3889 403
1407 3845 1520 3890 nec
1563 3837 1764 3891 tamen
1812 3830 1908 3892 hic
1952 3841 2054 3891 aut
2095 3830 2187 3892 hic
2230 3829 2338 3892 tibi
2384 3830 2511 3891 laus
2561 3830 2814 3891 maiorve
2862 3828 3127 3891 minorve

801 4013 842 4078 ¹)
895 4015 985 4066 Hie
1035 4015 1164 4066 locis
1219 4016 1422 4067 collatis
1478 4016 1528 4066 in
1584 4015 1754 4083 priore
1809 4017 2044 4082 corporis
2079 4015 2367 4068 Tibulliani
2424 4023 2563 4082 parte
2615 4015 2809 4066 maiora
2864 4015 3041 4064 damna
3095 4012 3227 4065 faeta
3277 4028 3389 4064 esse
3444 4022 3657 4080 apparet
3693 4030 3837 4080 quam
3876 4016 3925 4065 iu

513 4098 706 4160 altera3
743 4098 853 4152 fere
891 4103 1023 4152 euim
1061 4103 1112 4153 in
1152 4102 1243 4152 illa
1280 4103 1480 4154 dimidii
1517 4110 1670 4169 atque
1707 4103 1807 4153 toti
1843 4118 2026 4154 versus
2063 4104 2392 4167 interierunt,
2427 4104 2479 4153 in
2515 4102 2609 4152 bac
2647 4102 2877 4164 singulae
2916 4117 3069 4152 voces
3106 4100 3421 4170 syllabaeve.
3462 4127 3529 4137 —
3566 4101 3835 4168 Pei-peram
3877 4103 3925 4151 in

512 4186 643 4250 prol.
682 4202 760 4252 pg.
793 4187 855 4236 57
897 4189 946 4238 in
985 4189 1164 4238 borum
1203 4204 1442 4239 versuum
1479 4205 1687 4240 numero
1726 4188 1880 4241 habui
1919 4205 1967 4240 ν.
1992 4187 2034 4239 ll
2060 4191 2108 4252 4,
2137 4191 2218 4254 10,
2265 4189 2645 4241 inconsiderate
2682 4195 2889 4240 secutus
2927 4203 3051 4255 quae
3090 4188 3141 4239 iu
3180 4187 3313 4238 Mus.
3350 4187 3504 4238 Rben.
3542 4188 3647 4238 vol.
3672 4187 3929 4241 XXXVII

513 4287 593 4337 pg.
622 4272 720 4322 568
757 4272 814 4322 E.
842 4273 1012 4324 fliller
1050 4275 1200 4326 dixit.
1256 4275 1565 4327 Accnratins
1601 4291 1707 4325 rem
1743 4275 2107 4342 contemplanti
2145 4276 2348 4326 dubium
2387 4291 2484 4325 non
2522 4283 2693 4342 potest
2728 4291 2844 4326 esse
2881 4275 2999 4342 quin
3030 4291 3129 4325 vox
3154 4271 3402 4324 ‘vasti'iu
3431 4275 3709 4343 archetypo
3736 4278 3925 4342 scripta

509 4357 673 4408 fuerit
707 4365 761 4408 et
795 4359 844 4408 in
883 4375 980 4408 uno
1009 4361 1120 4411 eius
1146 4363 1432 4428 apographo
1460 4361 1502 4412 0
1527 4361 1732 4412 librarii
1759 4379 1938 4413 errore
1966 4364 2158 4413 omissa
2183 4364 2278 4413 sit:
2317 4363 2545 4412 traditur
2569 4362 2700 4412 euim
2726 4363 2776 4412 iu
2803 4362 3065 4412 codicibus
3093 4361 3321 4412 omuibus
3347 4369 3556 4426 praeter
3580 4363 3745 4414 libros
3765 4363 3869 4416 AV
3894 4365 3928 4415 Β

509 4447 586 4506 (et
622 4444 748 4496 Iusti
786 4444 951 4510 Lipsii
987 4449 1276 4499 varietates
1312 4449 1589 4500 lectionum
1629 4464 1693 4499 ex
1729 4451 1988 4501 codicibus
2026 4449 2282 4513 Romanis,
2319 4465 2443 4512 ergo
2479 4448 2701 4499 fortasse
2740 4463 2805 4498 ex
2843 4449 2953 4514 ipso
2992 4464 3183 4516 qnoque
3224 4448 3357 4498 libro
3383 4448 3447 4514 V,
3489 4452 3789 4516 excerptas).

797 4529 842 4594 ²)
895 4531 1272 4585 Pentatnetrum
1325 4551 1520 4602 quoqne
1573 4537 1659 4603 qui
1715 4545 1830 4604 post
1875 4552 2075 4586 versum
2121 4533 2257 4599 113,
2301 4537 2399 4586 14⁸
2459 4552 2588 4587 nnnc
2645 4535 2790 4586 deest
2847 4535 2896 4585 in
2954 4537 3128 4587 codice
3174 4543 3197 4586 t
3249 4537 3524 4588 exstitisse
3576 4539 3757 4600 eredo;
3816 4555 3925 4588 cum

510 4617 622 4668 eins
676 4617 878 4669 iactura
922 4633 1106 4670 versus
1151 4618 1286 4684 113,
1327 4623 1430 4673 l4c
1484 4623 1728 4684 ‘necteus
1781 4630 1835 4673 et
1887 4623 2098 4685 mixtus]
2153 4622 2443 4686 obriguisse
2498 4619 2695 4689 liquor'
2752 4620 3199 4687 interpolationem
3256 4623 3530 4674 cohaerere
3568 4625 3738 4676 videri
3775 4625 3927 4676 docui

514 4704 642 4770 prol.
679 4721 760 4771 pg.
800 4705 1022 4755 45—47.
2852 4717 2855 4720 ’

798 4790 846 4854 ⁸)
900 4791 975 4843 Cf.
1013 4794 1144 4859 prol.
1183 4810 1262 4861 με.
1287 4795 1371 4847 48.
1410 4797 1491 4847 74.

797 4877 842 4938 ⁴)
896 4877 972 4930 cf.
1010 4881 1143 4945 prol.
1183 4896 1262 4947 pg.
1290 4882 1372 4932 45.

793 4963 838 5027 ⁶)
894 4965 1106 5018 Praeter
1144 4967 1428 5031 exemplum
1467 4969 1518 5018 in
1555 4969 1688 5035 prol.
1728 4985 1807 5035 pg.
1835 4969 1898 5018 ’Π
1938 4969 2146 5019 allatum
2192 4967 2257 5018 cf.
2295 4984 2495 5020 versum
2544 4969 2566 5020 1
2604 4971 2653 5033 7,
2690 4971 2781 5022 49:
2836 4973 2931 5022 huc
2967 4974 3089 5023 ades
3126 4978 3179 5022 et
3214 4973 3413 5034 genium
3452 4973 3589 5022 ludis
3626 4973 3925 5042 geniumque

513 5048 713 5100 choreis
750 5052 1067 5104 concelebra.

795 5136 840 5200 ⁶)
894 5139 967 5188 De
1005 5155 1192 5191 versus
1230 5141 1584 5192 emendatione
1621 5140 1882 5192 admodum
1921 5141 2072 5193 dubia
2110 5142 2219 5192 dixi
2259 5143 2384 5208 prol.
2424 5157 2503 5208 με.
2532 5144 2748 5194 76-77.
