4709 5675
2057 320 2498 389 „23-

672 506 732 583 8,
763 507 806 569 2
853 506 1014 570 levia.
1097 506 1136 567 6
1179 505 1542 587 praedocuit.
1625 507 1691 566 11
1741 522 1943 566 comas
1987 522 2220 565 ornare.
2295 502 2374 563 14
2420 502 2638 583 colligit
2680 512 2825 565 arte.
2901 502 2976 565 21
3032 512 3089 567 et
3135 524 3167 565 e
3213 505 3375 567 caelo
3418 504 3711 567 deducere
3754 505 3979 567 lumina

759 629 952 683 tentat
999 637 1107 681 ma.
1139 638 1258 681 sec.
1328 616 1412 679 29
1457 637 1534 680 ue
1579 636 1804 698 poscas.
1876 615 1958 678 30
2003 616 2218 679 foveas.
2292 616 2376 679 32
2422 634 2629 697 aspera
2676 616 2872 679 barba.
2946 615 3029 679 38
3075 618 3317 696 fingere.
3390 616 3471 678 43
3516 625 3647 679 tum
3698 620 3980 680 mutatur.

761 732 844 795 49
887 732 1004 795 Seu
1050 728 1384 795 Marathum
1435 739 1666 810 torque.
1740 729 1815 789 51
1869 728 2088 792 rustica
2134 746 2330 791 causa.
2393 748 2505 791 ma.
2538 748 2655 791 sec.
2700 730 2949 792 sontica.
3025 728 3105 791 53
3149 730 3252 792 Vel
3300 730 3499 793 miser.
3589 730 3669 791 55
3718 729 3979 792 custodia

761 844 927 906 vinci.
991 843 1072 907 58
1121 863 1196 905 ne
1242 843 1400 906 dent.
1466 844 1536 902 71
1579 840 1832 903 ludebat.
1893 840 1973 903 73
2019 842 2296 922 lacrymis
2343 842 2384 903 f.
2419 862 2466 904 r.
2501 842 2775 904 dolentis.
2848 842 2931 904 74
2974 842 3253 923 cupidum
3301 842 3453 904 ficta.
3515 842 3597 903 77
3644 842 3706 903 ni
3739 842 3982 905 desinis.

671 956 727 1028 9,
757 954 795 1017 3
840 954 925 1017 Ha
973 956 1153 1017 miser
1195 963 1300 1017 est.
1390 953 1429 1014 9
1484 955 1636 1017 freta
1691 974 1798 1035 per
1841 952 2102 1034 parentia
2150 954 2365 1015 ventis.
2462 955 2536 1015 10
2584 954 2832 1017 Ducant.
2920 953 3003 1015 25
3050 956 3175 1017 leva
3226 954 3521 1017 ministro.
3612 953 3690 1016 31
3743 955 3983 1029 nullius,

757 1068 867 1139 vel,
915 1067 1077 1129 nullo
1125 1066 1250 1131 tibi.
1338 1066 1420 1129 39
1465 1066 1608 1149 quid
1655 1068 1884 1129 faciam.
1960 1066 2042 1128 40
2087 1067 2193 1129 sed
2239 1084 2449 1147 precor
2492 1084 2611 1127 exs.
2660 1067 2757 1129 sit.
2834 1068 2915 1128 45
2960 1066 3163 1129 amori.
3241 1065 3323 1129 48
3370 1066 3443 1128 Et
3488 1084 3603 1129 me.
3672 1066 3754 1129 60
3802 1085 3979 1147 quam

761 1181 840 1260 pl.
887 1180 1234 1243 emeruisse.
1323 1178 1404 1241 63
1447 1179 1552 1241 Illa
1596 1180 1754 1244 nulla
1801 1189 2000 1261 queat.
2089 1178 2169 1240 75
2217 1178 2369 1241 Huic
2412 1187 2610 1241 tamen
2655 1178 2949 1241 accubuit.
3040 1177 3121 1240 79
3169 1178 3411 1241 vietum.

629 1292 730 1361 10,
763 1290 801 1353 3
847 1300 977 1354 tum
1025 1292 1266 1373 praelia.
1355 1292 1394 1353 5
1442 1295 1530 1354 An
1579 1292 1742 1355 nihil.
1841 1292 1910 1351 11
1963 1308 2078 1353 nec
2119 1291 2331 1353 tristia.
2424 1290 2501 1352 12
2548 1292 2727 1353 corde
2775 1290 3049 1353 micante.
3140 1292 3219 1352 15
3274 1290 3363 1353 Dii
3408 1289 3615 1373 patrii,
3672 1293 3791 1367 vel,
3846 1292 3981 1355 Sed.

770 1404 842 1465 17
889 1424 961 1468 ex
989 1405 1213 1487 stipite.
1278 1402 1355 1467 18
1401 1414 1648 1468 veteres.
1709 1403 1786 1465 21
1837 1404 2135 1475 libaverat,
2185 1404 2292 1476 vel,
2337 1412 2689 1484 portaverat.
2764 1403 2846 1464 27
2888 1404 3071 1467 Hanc.
3132 1402 3214 1465 33
3262 1422 3585 1468 arcescere.
3644 1404 3727 1467 36
3768 1400 3983 1486 puppis

762 1534 970 1599 aquae.
1057 1518 1134 1579 41
1186 1527 1254 1581 ut
1297 1517 1476 1581 filius.
1565 1519 1640 1579 51
1693 1517 1842 1598 ipso,
1889 1517 1996 1588 vel,
2041 1516 2192 1596 ipse.

589 1628 796 1703 111,1
846 1629 1124 1710 Quisquis
1169 1632 1361 1705 adest,
1419 1632 1618 1693 valeat.
1715 1631 1784 1692 11
1851 1628 2114 1693 discedat
2169 1628 2244 1691 ab
2295 1630 2436 1692 aris.
2532 1628 2608 1689 12
2666 1628 2774 1691 Cui
2828 1628 2967 1691 tulit
3022 1639 3281 1692 externa.
3372 1628 3448 1690 21
3500 1630 3761 1692 rusticus
3806 1630 3981 1709 agris.

762 1741 845 1803 22
890 1742 1143 1823 lngerat.
1233 1741 1314 1804 23
1363 1742 1576 1824 Satyri.
1664 1739 1748 1803 24
1799 1760 1870 1803 ex
1916 1741 2109 1823 virgis.
2201 1740 2282 1802 27
2330 1741 2505 1804 Nunc
2558 1730 2706 1803 mihi
2768 1742 3063 1805 formosos
3121 1742 3334 1805 veteris
3392 1741 3655 1822 proferte
3708 1742 3983 1805 falernus.

762 1854 842 1917 33
897 1854 1252 1937 Equitanae.
1349 1854 1433 1917 34
1487 1854 1674 1917 victor
1727 1854 1886 1917 ades.
1985 1852 2064 1916 48
2122 1872 2349 1928 annua,
2405 1854 2523 1929 vel,
2592 1872 2766 1917 aurea
2821 1865 2997 1917 terra.
3085 1852 3167 1916 49
3222 1856 3470 1934 ingerat.
3577 1854 3658 1915 54
3714 1864 3981 1917 ornatus.

761 1968 1028 2031 duceret.
1118 1968 1202 2030 66
1245 1976 1306 2031 et
1349 1967 1616 2047 appulso.

350 2074 499 2137 1220
762 2081 845 2143 66
893 2081 1006 2143 tela
1037 2088 1212 2143 sonat
1240 2080 1442 2150 latere.
1486 2079 1594 2153 vel,
1638 2078 1876 2160 pectine
1909 2079 2022 2141 tela
2057 2088 2250 2142 sonat.
2312 2078 2392 2141 73
2438 2078 2687 2142 iuvenis.
2750 2078 2835 2142 88
2878 2080 3036 2141 fulva
3082 2090 3237 2145 toro.
3298 2080 3379 2141 90
3428 2080 3613 2159 nigra,
3661 2079 3770 2155 vel,
3816 2098 3983 2149 vana.

667 2192 728 2266 2,
762 2193 803 2253 4
846 2212 877 2254 a
921 2202 1098 2255 terra.
1188 2192 1228 2254 6
1275 2193 1574 2257 decorant.
1663 2192 1702 2253 9
1749 2193 2029 2267 cornute,
2076 2194 2183 2266 vel,
2229 2192 2529 2255 cherinte.
2619 2192 2691 2253 21
2748 2192 2959 2254 natalis
3005 2210 3176 2255 auus.

671 2303 792 2380 3,1
849 2305 1007 2367 Rura
1057 2324 1244 2367 meam
1291 2306 1558 2368 Cornute
1599 2314 1824 2367 tenent„
1915 2304 1958 2365 2
2011 2306 2130 2368 heu
2185 2306 2318 2367 heu.
2408 2305 2445 2365 5
2504 2322 2640 2367 cum
2694 2304 3023 2385 aspicerem
3079 2305 3403 2367 dominam.
3498 2306 3575 2367 10
3620 2314 3682 2366 et
3722 2312 3985 2368 teneras.

773 2418 892 2480 142
929 2428 1096 2499 pent.
1143 2417 1218 2482 Et
1259 2428 1468 2499 potum
1516 2419 1698 2481 fessas
1745 2420 1958 2481 ducere
2003 2418 2367 2491 fluminibus,
2416 2419 2524 2490 vel,
2572 2416 2849 2479 Creditur
2890 2418 2961 2479 ad
3012 2418 3319 2480 mulctram
3368 2418 3756 2481 constituisse
3798 2420 3985 2499 prius.

771 2530 900 2591 140
954 2541 1014 2591 et
1069 2531 1304 2593 mixtus.
1397 2532 1476 2593 15
1532 2540 1687 2593 texta
1743 2541 1836 2595 est
1890 2532 1964 2593 de
2009 2531 2247 2593 vimine.
2345 2531 2420 2591 17
2474 2530 2523 2593 0
2580 2530 2877 2613 quotiens.
2970 2528 3051 2593 19
3107 2531 3155 2592 0
3210 2530 3510 2611 quotienS.
3598 2529 3680 2592 27
3746 2532 3986 2593 Phiton.

767 2642 844 2705 31
904 2644 1096 2725 puella
1155 2652 1264 2707 est.
1353 2642 1432 2705 34
1493 2643 1751 2725 imperat
1803 2654 1888 2707 ut.
1979 2642 2060 2706 36
2114 2654 2207 2707 est
2261 2654 2519 2726 operata.
2609 2645 2685 2705 41
2747 2644 3053 2706 obsistere.
3142 2642 3223 2706 43
3286 2652 3589 2707 externus.
3670 2643 3986 2708 tumultus.

770 2758 850 2819 44
896 2757 1054 2818 mille
1097 2759 1391 2820 columna.
1483 2758 1557 2819 51
1607 2775 1718 2837 per
1763 2757 1986 2819 orbem.
2075 2756 2158 2818 53
2203 2756 2306 2818 Ille
2350 2756 2521 2837 gerit.
2576 2756 2827 2819 faemina
2875 2757 3055 2819 Choa.
3145 2758 3223 2818 55
3274 2756 3358 2819 llli
3406 2766 3566 2820 sunt.
3658 2754 3741 2818 59
3784 2776 3986 2839 quem,

771 2870 878 2943 vel,
923 2889 1092 2950 quae.
1181 2871 1264 2932 60
1308 2880 1604 2951 gypsatos,
1651 2871 1760 2944 vel,
1807 2871 2054 2933 luxatos.
2129 2871 2212 2933 62
2256 2871 2551 2932 Resolvat.
2630 2867 2776 2948 801)
2822 2871 2989 2933 deest.
3064 2869 3211 2946 811)
3258 2871 3425 2934 deest.
3501 2869 3649 2944 811)
3694 2870 3877 2933 Detur
3922 2879 3989 2932 ut

769 2981 1042 3044 accedam
1090 2982 1368 3045 dominae
1413 3001 1520 3064 pro
1549 2983 1698 3046 velle
1726 2984 2054 3064 loquarque
2082 2983 2212 3062 01).
2267 2985 2379 3058 vel,
2425 2983 2513 3044 Ah
2558 2989 2805 3064 pereant
2848 2992 3010 3046 artes
3056 2991 3117 3045 et
3162 2983 3359 3045 mollia
3402 3001 3539 3046 rura
3586 2983 3819 3046 colendi
3851 2982 3981 3062 52⁸).

767 3091 850 3156 78
895 3093 1074 3158 iuvet.

675 3209 736 3281 4,
767 3206 807 3267 2
851 3217 1096 3289 paterna
1143 3209 1277 3272 veni
1327 3226 1441 3271 ma.
1471 3227 1590 3271 sec.
1675 3211 1713 3270 4
1761 3209 2043 3271 remittet.
2119 3210 2160 3270 5
2205 3209 2326 3270 urit
2368 3227 2485 3270 ma.
2518 3208 2630 3289 pri.
2713 3209 2789 3269 17
2828 3223 2941 3270 nec
2982 3207 3191 3289 qualis.
3268 3207 3345 3271 18
3390 3208 3659 3270 recurrit.
3760 3207 3841 3270 23
3891 3208 3983 3270 in—

765 3321 954 3400 signia
1013 3321 1201 3383 donis.
1302 3319 1384 3382 29
1438 3321 1549 3383 Hic
1603 3322 1702 3384 dat
1753 3342 1806 3384 a.
1852 3341 1900 3382 c.
1947 3333 2007 3384 et
2059 3321 2238 3383 Choa.
2327 3319 2409 3382 37
2467 3329 2703 3383 sonant.
2794 3320 2876 3384 43
2931 3339 3063 3382 nec.
3153 3317 3237 3380 49
3290 3320 3639 3401 placideque
3698 3321 3983 3400 quiescas,

769 3433 850 3494 56
897 3434 1064 3513 gerit,
1109 3433 1220 3508 vel,
1267 3433 1446 3496 dedit.

677 3546 848 3618 5,15
895 3556 988 3608 est
1027 3547 1200 3610 deest.
1288 3545 1370 3608 20
1425 3555 1646 3628 raptos.
1745 3544 1822 3608 21
1874 3546 1995 3608 Nec
2049 3546 2197 3608 fore.
2284 3545 2369 3608 23
2429 3547 2795 3609 fundaverat.
2884 3545 2967 3608 27
3028 3545 3257 3608 umbra.
3348 3545 3429 3608 35
3486 3547 3623 3608 ditis
3680 3545 3984 3626 placitura.

854 3852 895 3918 1)
949 3851 1016 3906 Ut
1062 3851 1158 3904 hae
1195 3859 1345 3904 uotae
1389 3861 1534 3904 recte
1578 3853 1946 3919 intellegentur
1981 3860 2037 3905 et
2073 3854 2385 3906 Lsehmeuui
2423 3868 2575 3905 error
2610 3853 2917 3919 corrigatur,
2962 3852 3047 3904 hie
3096 3853 3335 3904 utendum
3379 3861 3463 3905 est
3509 3855 3733 3905 numeris
3770 3853 3986 3907 Aldinae

567 3937 757 3992 Mureti
797 3941 1060 4006 editionis,
1099 3941 1146 3990 iu
1185 3956 1280 4007 qua
1317 3939 1464 3991 locus
1499 3941 1578 3991 sie
1613 3939 1918 3992 exhibetur:

1567 4053 1679 4116 (78)
1715 4051 1869 4105 lanua
1890 4089 1904 4104 .
1941 4055 1988 4104 si
2023 4051 2102 4106 fas
2138 4061 2237 4118 est,
2273 4070 2380 4105 mos
2418 4067 2602 4121 precor
2638 4053 2731 4105 ille
2770 4053 2898 4105 redi.

1569 4139 1685 4204 (79)
1720 4140 1799 4191 Ah
1837 4145 2052 4208 pereant
2087 4147 2246 4208 artes,
2285 4147 2336 4192 et
2373 4139 2548 4191 mollia
2584 4140 2695 4191 iura
2734 4140 2951 4206 colendi,

1599 4227 1663 4277 80

1568 4227 1688 4377 ((81ζ
1719 4312 1763 4363 0
1798 4313 1992 4365 utinam
2027 4313 2195 4365 ueteri
2232 4233 2568 4379 petam-untes
2606 4329 2747 4365 more
2784 4313 2985 4380 puellae

1571 4399 1684 4461 (82)
1719 4399 1940 4451 Horrida
1977 4399 2165 4451 villosa
2203 4415 2415 4468 corpore
2451 4407 2598 4453 ueste
2635 4407 2827 4465 tegant.

853 4507 900 4574 ²)
951 4511 1028 4563 sic
1065 4511 1306 4564 Heinsius
1341 4511 1586 4578 scr-ipsiu
1624 4511 1976 4564 Lachmannus
2013 4528 2194 4565 errore
2233 4513 2274 4564 E
2311 4513 2459 4578 legit.

853 4613 900 4680 ³)
951 4613 1124 4666 Verba
1158 4615 1262 4668 ‘vel
1293 4643 1352 4654 --
1377 4616 1582 4668 colendi
1619 4614 1676 4666 E’
1713 4633 1812 4667 nou
1849 4619 2022 4668 eodem
2056 4624 2240 4670 tenore
2275 4620 2471 4684 scripta
2506 4625 2629 4670 sunt
2664 4633 2761 4687 quo
2797 4619 2892 4670 illu
2927 4633 3073 4686 quen
3110 4621 3471 4687 descripsimus
3496 4621 3561 4672 de
3585 4621 3761 4674 codiee
3784 4621 3821 4673 C
3848 4630 3985 4678 nota.

565 4703 654 4752 sed
699 4701 878 4754 subter
923 4701 1086 4754 illam.
1155 4701 1277 4754 cm
1321 4703 1384 4754 de
1430 4719 1585 4754 versu
1625 4703 1690 4754 79
1736 4705 1864 4756 nihil
1901 4704 2143 4756 Heinsius
2188 4705 2477 4768 adnotat-it,
2522 4707 2569 4756 ia
2616 4707 2671 4756 in
2718 4705 2909 4758 eodieis
2954 4713 3105 4758 textu
3148 4705 3312 4759 fuisse
3350 4708 3572 4775 videtur,
3624 4723 3785 4776 neque
3830 4709 3989 4772 igitur

569 4789 708 4840 credi
751 4795 922 4856 potest
965 4789 1176 4842 eunden
1215 4803 1420 4840 versum
1465 4805 1564 4842 uua
1616 4791 1798 4842 littera
1833 4797 2028 4842 munte
2063 4791 2250 4843 iterum
2285 4791 2600 4859 adscriptum
2634 4807 2751 4843 esse
2793 4793 2857 4843 ud
2903 4807 3109 4844 versun
3146 4794 3229 4857 81,
3278 4809 3423 4860 quem
3460 4795 3511 4846 in
3548 4795 3725 4846 codiee
3762 4793 3989 4847 defuisse

568 4873 762 4928 diserte
797 4877 890 4928 ille
925 4881 1172 4928 testatur.
1223 4876 1409 4942 Atque,
1446 4877 1548 4928 nisi
1585 4875 1760 4940 fallor,
1792 4877 1888 4928 hae
1926 4885 2044 4928 note
2081 4877 2143 4928 ud
2177 4893 2290 4928 eun
2314 4879 2401 4946 qui
2424 4879 2791 4943 octogesimum
2816 4879 3089 4932 secuudum
3115 4881 3471 4944 antegreditur
3496 4895 3699 4933 versun
3725 4883 3987 4948 adscripta

567 4959 793 5014 indicare
829 4963 1002 5014 voluit
1035 4963 1088 5014 iu
1125 4963 1304 5015 eodiee
1339 4970 1396 5015 et
1427 4960 1587 5014 ‘rurs’
1625 4964 1870 5029 seriptum
1905 4979 2024 5017 esse
2059 4971 2113 5015 et
2147 4979 2357 5016 versun
2382 4966 2449 5016 79
2482 4965 2561 5016 sic
2594 4972 2839 5016 mutatum
2876 4967 2953 5016 itu
2990 4967 3043 5016 in
3070 4967 3213 5018 illius
3238 4983 3267 5016 e
3290 4968 3467 5018 codice
3486 4967 3525 5018 C
3546 4970 3779 5036 excerpti
3803 4985 3989 5021 versus

566 5045 684 5096 loeo
737 5061 868 5112 esee,
921 5057 982 5100 ut
1031 5050 1142 5116 ipse
1195 5064 1392 5116 quoque
1445 5051 1772 5102 uuteoederet
1821 5065 2020 5102 versun
2061 5051 2128 5102 82
2169 5051 2407 5112 (horrida
2444 5055 2585 5112 eta).
2656 5051 2793 5116 Ergo
2842 5054 2891 5103 iu
2928 5053 3105 5105 codice
3142 5067 3177 5120 y
3228 5052 3389 5104 fuisse
3424 5054 3671 5106 videntur
3706 5071 3885 5108 versus
3922 5057 3989 5106 78

565 5129 744 5193 (lanua
780 5141 924 5198 ete),
963 5138 1024 5187 '19
1061 5137 1164 5197 (Ah
1191 5166 1255 5175 —
1281 5153 1405 5188 rura
1441 5137 1688 5201 colendi),
1721 5137 1787 5188 82
1823 5137 2071 5199 (Horrida
2107 5142 2244 5201 οἱα).
