4709 5675
2173 304 2608 373 --18-

969 484 1082 549 Sod
1149 504 1352 549 vereor
1417 506 1492 550 ne
1549 487 1640 548 cui
1707 504 1903 549 meum
1969 486 2042 547 de
2101 486 2288 567 ipsius
2332 486 2636 567 archetypi
2682 496 2889 549 natura
2932 486 3215 551 iudicium
3260 488 3515 568 probare
3560 488 3805 568 cupiens
3855 488 4105 553 nimium

681 598 896 677 longus
943 617 1072 661 esse
1119 598 1332 661 videar.
1425 598 1598 661 Nunc
1641 599 1898 661 breviter
1943 598 2228 671 dicamus,
2289 617 2409 679 qua
2456 598 2707 671 ratione,
2768 598 2907 678 quid
2956 599 3017 661 in
3066 599 3378 680 archetypo
3422 600 3713 680 scriptum
3760 601 3956 677 fuerit,
4002 622 4109 667 ex-

677 710 1034 791 plorandum
1099 710 1196 773 sit.
1303 710 1494 791 Atque
1559 712 1620 773 in
1686 712 1884 791 priore
1949 711 2216 792 corporis
2267 710 2316 772 '1'
2321 709 2586 773 ibulliani
2654 720 2821 791 parte
2888 710 3072 773 codici
3116 712 3191 784 A,
3260 728 3438 792 quem
3507 713 3860 776 auctoritate
3927 716 4105 797 longe

676 823 1006 904 principem
1052 824 1234 887 Hiller
1293 831 1456 887 recte
1515 822 1745 902 dicit¹)‚
1807 824 1876 885 ad
1941 824 2244 904 archetypi
2301 824 2589 885 lectiones
2634 823 3077 901 cognoscendas
3122 824 3256 904 plus
3304 824 3481 887 etiam
3528 844 3704 905 quam
3748 826 3849 889 ille
3896 828 4103 892 tribuit

677 936 1042 999 auctoritatis
1100 934 1514 1008 tribuendum,
1578 936 1976 1018 discrepantes
2035 954 2170 999 vero
2233 943 2647 1017 excerptorum
2695 935 3157 1015 Frisingensium
3220 945 3280 997 et
3324 935 3411 1011 (in
3455 935 3567 999 hac
3609 937 3849 1017 quidem
3908 943 4101 1017 parte)

677 1048 1084 1113 Parisinorum
1151 1048 1476 1129 scripturas
1541 1049 1882 1111 cautissime
1949 1047 2369 1111 examinandas
2437 1056 2499 1111 et
2554 1048 2744 1111 multo
2788 1049 2980 1111 rarius
3034 1066 3213 1129 quam
3258 1048 3443 1111 Hiller
3486 1048 3627 1111 fecit
3671 1066 3781 1130 pro
3824 1051 4099 1129 genuinis

675 1161 892 1225 Tibulli
959 1162 1146 1227 verbis
1215 1160 1516 1225 habendas
1581 1179 1711 1225 esse
1764 1179 1994 1225 censeo.
2085 1161 2351 1242 Namque
2395 1160 2797 1241 Frisingensia
2844 1169 3119 1243 excerpta
3164 1162 3253 1225 vel
3298 1161 3498 1243 potius
3544 1180 3683 1225 enm
3728 1180 3801 1225 ex
3844 1182 3959 1245 quo
4003 1164 4097 1225 illa

677 1282 948 1354 excerpta
1008 1283 1152 1337 sunt
1208 1272 1470 1335 codicem
1536 1293 1569 1335 e
1629 1274 1940 1355 plenorum
2001 1273 2270 1335 codicum
2331 1274 2649 1354 archetypo
2708 1274 2950 1336 fluxisse
3010 1274 3453 1337 demonstrasse
3504 1273 3797 1349 videor');
3856 1275 3929 1337 ab
3970 1276 4097 1337 eius

674 1397 871 1449 autem
939 1406 1012 1451 ex
1075 1405 1195 1468 quo
1262 1394 1538 1467 excerpta
1596 1386 1859 1449 Parisina
1926 1388 2238 1468 desumpta
2297 1396 2445 1450 sunt
2502 1387 2721 1451 codicis
2779 1387 3021 1451 librario
3080 1387 3297 1451 librum
3356 1408 3429 1449 ex
3472 1388 3573 1452 illo
3614 1388 3933 1468 archetypo
3978 1406 4099 1449 non

675 1500 1034 1581 pendentem
1080 1500 1144 1563 in
1189 1498 1300 1563 hac
1343 1509 1510 1582 parte
1557 1499 1884 1565 adhibitum
1931 1519 2066 1563 esse
2125 1500 2316 1563 evinci
2372 1518 2495 1563 non
2539 1518 2717 1581 posse
2760 1497 3147 1579 contendo⁸).
3234 1502 3429 1582 Atque
3483 1500 3630 1563 mihi
3690 1500 3930 1581 quidem
3978 1499 4101 1563 veri

673 1612 863 1675 simile
909 1623 999 1675 est
1043 1612 1162 1675 duo
1207 1621 1438 1675 tantum
1486 1612 1698 1675 Tibulli
1746 1613 2099 1696 exemplaria
2155 1614 2228 1677 ad
2289 1614 2545 1677 mediam
2592 1630 2745 1693 quae
2788 1612 3004 1677 dicitur
3048 1622 3303 1676 aetatem
3346 1623 3577 1676 servata
3620 1631 3779 1687 esse,
3846 1612 4099 1676 alterum

675 1726 1085 1789 detruncatum
1102 1725 1152 1804 ⁴)
1197 1725 1354 1806 quod
1401 1724 1620 1791 Cuiacii
1664 1725 1798 1801 fuit,
1845 1725 2098 1789 alterum
2143 1725 2563 1805 lacunosum⁴)
2604 1744 2783 1806 quem
2828 1725 3048 1788 librum
3094 1726 3289 1789 littera
3336 1735 3362 1788 t
3404 1726 3741 1805 significavi.

961 1838 1082 1901 lam
1129 1856 1286 1913 cum,
1332 1856 1450 1919 quo
1497 1839 1688 1901 maior
1731 1836 1946 1902 debeat
1989 1858 2120 1903 esse
2165 1837 2386 1901 codicis
2430 1838 2475 1899 Α
2524 1838 2865 1909 auctoritas.
2912 1856 2981 1899 eo
3026 1839 3213 1919 magis
3255 1838 3498 1901 intersit
3528 1839 3601 1902 de
3632 1838 3759 1901 eius
3788 1838 4101 1918 scripturis

673 1961 734 2013 et
779 1959 936 2013 recta
982 1951 1133 2015 tradi
1177 1958 1237 2013 et
1281 1958 1442 2015 recte
1483 1950 1762 2025 iudicari,
1826 1951 2338 2014 adnotatiunculas
2400 1950 2717 2030 quasdam,
2776 1968 2915 2015 cum
2970 1952 3187 2015 iterum
3246 1951 3509 2015 codicem
3561 1954 3603 2013 Α
3652 1958 3989 2015 excuterem
4038 1960 4101 2011 et

675 2082 810 2127 cum
854 2063 1062 2127 Hilleri
1107 2063 1368 2127 editione
1411 2082 1836 2145 compararem,
1881 2065 2064 2129 factas
2107 2064 2170 2127 in
2217 2062 2481 2127 medium
2528 2063 2797 2145 proferre
2840 2065 3053 2129 audeo.

962 2176 1222 2241 Carmini
1264 2176 1362 2241 13
1421 2176 1482 2241 in
1541 2178 1744 2241 codice
1785 2180 1834 2239 Α
1893 2177 2326 2259 praescriptum
2389 2196 2519 2239 esse
2565 2176 2670 2239 ‘Ad
2715 2175 3019 2240 Messalam
3066 2178 3455 2258 conqueritur
3499 2176 3659 2257 quod
3704 2176 3862 2258 apud
3910 2176 4099 2239 reseas

675 2288 778 2368 egi
824 2298 982 2352 utet
1024 2288 1154 2352 etc.'
1197 2289 1442 2354 tradidit
1485 2290 1809 2353 Baehrens.
1871 2290 1956 2353 Eo
2001 2290 2376 2371 potissimum
2424 2289 2697 2370 exemplo
2744 2290 2927 2353 utitur
2961 2290 3267 2371 Philippus
3294 2290 3634 2365 Illmann⁶),
3682 2299 3747 2351 ut
3792 2287 4095 2351 librarium

674 2400 804 2464 siue
851 2402 968 2463 ullo
1012 2419 1188 2465 sensu
1233 2401 1568 2466 litterarum
1614 2403 1826 2466 ductus
1873 2402 2294 2465 tantummodo
2339 2402 2699 2484 depinxisse,
2745 2411 3020 2482 portenta
3056 2402 3419 2465 incredibilia
3452 2401 3801 2474 confecisse,
3848 2402 4097 2481 plurima

675 2532 828 2595 quae
893 2513 1228 2595 scripsisset
1294 2532 1418 2577 non
1473 2514 1834 2578 intellexisse
1887 2516 2274 2579 demonstret.
2368 2515 2515 2578 Cum
2562 2536 2597 2579 e
2638 2515 2851 2578 ceteris
2897 2532 3051 2595 quae
3092 2514 3191 2577 illo
3234 2515 3434 2577 attulit
3476 2514 3762 2595 exemplis
3807 2530 3945 2593 pars
3994 2532 4099 2593 pro

673 2626 1005 2707 scripturae
1074 2626 1306 2689 mendis
1375 2627 1576 2689 haberi
1643 2626 1859 2709 possit,
1925 2645 2060 2708 pars
2115 2627 2254 2708 quia
2307 2627 2373 2691 in
2418 2627 2569 2691 libro
2598 2628 2643 2688 V
2690 2646 2868 2690 manu
2916 2628 3103 2709 prima
3152 2627 3356 2689 eadem
3402 2627 3625 2707 scripta
3670 2636 3814 2688 sunt
3858 2624 4097 2687 librario

674 2739 894 2802 codicis
939 2738 988 2801 Ο
1048 2740 1250 2820 potius
1307 2758 1486 2819 quam
1555 2740 1696 2805 huic
1757 2740 1992 2803 crimini
2047 2740 2244 2803 danda
2297 2741 2404 2816 sit,
2472 2760 2689 2821 operae
2742 2740 3001 2821 pretium
3050 2748 3142 2803 est
3184 2756 3657 2803 commemorare
3700 2739 3762 2799 in
3807 2737 4006 2799 codice
4049 2738 4094 2796 A

675 2862 838 2916 recte
895 2853 1187 2934 scriptum
1247 2873 1380 2916 esse
1439 2863 1646 2934 egrot
1661 2865 1746 2916 et.
1835 2853 2158 2918 Baehrensi
2207 2855 2317 2918 viri
2360 2855 2423 2918 in
2466 2853 2769 2917 codicibus
2814 2854 3181 2918 excutiendis
3227 2852 3701 2916 exercitatissimi
3746 2868 3915 2914 error
3955 2849 4097 2912 inde

678 2968 846 3030 facile
913 2966 1264 3048 explicatur,
1331 2968 1490 3048 quod
1557 2967 1832 3030 librarius
1899 2968 2013 3030 hoc
2078 2968 2208 3030 loco
2277 2967 2567 3047 primum,
2633 2965 2791 3046 quod
2843 2977 3053 3047 postea
3100 2966 3337 3048 saepius
3380 2965 3553 3038 fecit,
3619 2965 3883 3028 litteram
3928 2981 3961 3024 r
4016 2963 4097 3026 ita

676 3081 942 3162 scripsit,
1015 3088 1079 3144 ut
1145 3081 1368 3144 maiore
1435 3081 1666 3144 litterae
1729 3090 1898 3162 parte
1965 3090 2198 3144 exarata
2266 3081 2558 3144 calamum
2626 3080 2857 3144 tolleret
2923 3088 2985 3142 et
3052 3079 3341 3142 minorem
3406 3095 3543 3140 cum
3588 3077 3860 3158 sequenti
3906 3075 4095 3137 littera

677 3194 1082 3274 coniungeret.
2355 3252 2361 3258 ,

963 3305 986 3367 l
1027 3305 1086 3380 3,
1121 3305 1218 3366 12.
1309 3305 1456 3368 Cum
1519 3305 1586 3368 1..
1630 3305 1896 3376 Mueller,
1951 3306 2172 3386 Haupt,
2216 3305 2439 3368 Vahlen
2496 3303 2715 3368 Mureti
2769 3303 3173 3366 coniecturam
3220 3301 3431 3364 ‘trinis’
3476 3301 3863 3382 recepissent,
3916 3300 4101 3364 Hiller

677 3418 944 3482 codicum
1013 3417 1365 3498 scripturam
1435 3415 1660 3482 ‘triviis’
1727 3417 2007 3482 restituit.
2095 3420 2180 3480 Ac
2231 3417 2649 3482 Lachmannus
2709 3417 2949 3496 quidem
3006 3433 3149 3479 suae
3204 3415 3485 3478 editionis
3543 3415 3807 3478 rationes
3858 3424 4099 3478 secutus

675 3531 831 3594 idem
900 3537 1062 3594 recte
1125 3529 1294 3606 fecit3
1361 3530 1644 3596 Hillerum
1707 3531 1786 3594 ita
1842 3549 2076 3594 versum
2124 3529 2465 3594 exhibuisse
2510 3541 2601 3594 est
2644 3530 2806 3610 quod
2855 3528 3163 3591 miremur.
3252 3527 3403 3590 Nam
3452 3545 3628 3608 quam
3675 3545 3801 3590 non
3844 3535 3976 3607 apta
4021 3527 4102 3588 sit

675 3644 818 3708 haec
862 3662 1000 3716 vox,
1058 3660 1184 3706 non
1229 3642 1424 3706 solum
1473 3663 1506 3704 e
1547 3643 1910 3722 gravissimis
1954 3645 2068 3708 illis
2114 3645 2481 3724 argumentis
2537 3663 2692 3725 quae
2744 3663 2873 3706 eam
2920 3642 3331 3723 improbantes
3378 3641 3815 3716 Broukhusius‚
3877 3641 4098 3721 noym,

675 3758 822 3820 Voss
868 3753 1332 3834 contulerunv),
1383 3755 1488 3818 sed
1533 3757 1710 3820 etiam
1757 3776 1790 3819 e
1838 3763 2104 3820 tortuosa
2148 3777 2266 3839 qua
2311 3755 2581 3838 Vulpius,
2629 3755 3029 3830 Wunderlich,
3089 3755 3246 3818 Bach
3292 3773 3419 3818 eam
3468 3753 3865 3818 defendebant
3908 3754 4101 3816 intor-

677 3867 1009 3948 pretatione
1068 3869 1210 3932 satis
1263 3868 1541 3946 cognosci
1596 3870 1846 3934 videtur.
1937 3870 2180 3934 Accedit
2232 3878 2647 3950 argumentum
2706 3869 3003 3950 quoddam
3057 3868 3129 3930 ab
3176 3866 3289 3930 illis
3334 3867 3689 3946 neglectum.
3780 3867 3844 3928 ln
3890 3865 4097 3926 eodem

675 3982 838 4044 enim
883 3999 1060 4044 versu
1112 3980 1352 4044 ‘omina’
1409 3980 1588 4046 scribi
1647 3982 1826 4053 solet;
1891 3991 1953 4047 at
2017 3982 2082 4046 in
2148 3981 2456 4048 codicibus
2500 3980 2656 4062 ω’)
2684 4000 2718 4046 c
2748 3981 2785 4044 d
2850 3980 3165 4062 aliisque⁸)
3219 3980 3506 4060 scriptum
3564 3988 3657 4044 est
3712 3976 3971 4050 ‘omnia’,
4036 3976 4099 4038 in

962 4169 1006 4228 ι)
1061 4165 1221 4234 praef.
1260 4166 1424 4234 pg.V.
1497 4167 1751 4220 Baehrens
1803 4184 1851 4220 a.
1889 4168 2022 4220 1876
2071 4168 2415 4232 (Tibullische
2456 4167 2672 4232 Blitter,
2720 4184 2802 4236 pg.
2828 4169 2918 4232 60)
2962 4168 3027 4219 de
3069 4168 3179 4219 eius
3224 4165 3539 4233 praestantis
3594 4166 3793 4218 rectius
3846 4163 4099 4216 iudicavit

676 4271 822 4324 quan
860 4261 1068 4321 reperto
1104 4253 1241 4304 libro
1280 4251 1710 4322 Guelferbytano.

960 4339 1004 4406 2)
1057 4338 1134 4392 cf.
1167 4340 1300 4407 prol.
1339 4355 1420 4407 με.
1445 4340 1527 4392 33.
1565 4342 1651 4393 45.
1689 4342 1772 4393 57.
1817 4341 2040 4396 84—86.

962 4428 1006 4493 3)
1060 4425 1138 4480 Cf.
1173 4442 1301 4495 quae
1338 4429 1554 4496 exposui
1589 4429 1644 4480 in
1681 4428 1811 4496 prol.
1851 4445 1930 4496 με.
1957 4427 2042 4480 33.
2077 4430 2164 4484 41.
2199 4429 2420 4482 49—51.
2458 4429 2539 4480 62.
2578 4429 2661 4481 63.
2699 4427 2783 4482 71.
2818 4428 2903 4478 72.
2940 4427 3023 4479 75.
3062 4428 3144 4479 77.
3182 4427 3404 4480 82—85.
3440 4427 3643 4478 88-89
3690 4433 3745 4478 et
3790 4441 3919 4494 quae
3963 4422 4095 4478 infra

676 4515 838 4566 dicam
883 4515 947 4565 de
981 4529 1136 4565 versu
1173 4512 1192 4565 l
1227 4515 1303 4580 10,
1329 4515 1410 4564 49.
1484 4514 1718 4565 Ceterum
1765 4529 1945 4565 moneo
1984 4531 2044 4566 ne
2081 4514 2194 4580 quis
2233 4530 2295 4566 ex
2334 4515 2410 4566 eis
2448 4529 2571 4582 quas
2608 4515 2659 4564 in
2696 4521 2943 4580 apparatu
2981 4513 3167 4564 critico
3206 4513 3376 4564 Hiller
3412 4514 3618 4565 notavit
3654 4512 3965 4565 lectionibus
4002 4527 4096 4562 ex-

677 4608 966 4668 cerptorum
1003 4601 1066 4651 de
1105 4601 1200 4651 fide
1238 4607 1390 4666 atque
1425 4601 1740 4651 auctoritate
1777 4601 2006 4652 iudicare
2040 4601 2243 4652 audeat.
4146 4586 4151 4590 ⁴

967 4687 1010 4750 ⁴)
1066 4695 1117 4738 et
1155 4702 1214 4739 ea
1249 4688 1360 4754 ipsa
1397 4687 1459 4738 de
1497 4703 1650 4740 cansa
1689 4703 1820 4738 nnnc
1857 4688 2198 4755 deperditum.

957 4774 1007 4838 ⁸)
1057 4773 1128 4824 De
1164 4772 1362 4826 Tibulli
1399 4773 1592 4826 codicis
1629 4774 1959 4826 Ambrosisni
1996 4775 2327 4837 auctoritate,
2366 4774 2511 4826 Hslis
2546 4774 2803 4826 Suonnn
2850 4773 2996 4837 1886,
3032 4772 3219 4839 pg.11.

961 4861 1006 4924 ⁰)
1059 4861 1376 4922 Addiderim,
1413 4861 1542 4928 quod
1580 4862 1656 4911 sic
1691 4862 1980 4913 sententiae
2017 4867 2206 4914 “sortes
2241 4860 2494 4924 sustulit’,
2527 4877 2621 4927 qna
2660 4861 2779 4925 quid
2818 4865 2987 4910 sortes
3025 4858 3369 4924 significarint
3406 4877 3505 4910 non
3528 4859 3737 4922 dicitur,
3779 4873 3953 4924 pern·
3981 4863 4099 4922 epte

676 4947 968 4999 adiunctum
1007 4956 1146 5000 esset
1184 4949 1326 5016 ‘puer
1361 4955 1550 5000 certa
1585 4948 1824 5000 rettulit'.

963 5035 1006 5095 ⁷)
1058 5032 1188 5085 Vide
1225 5048 1354 5100 quae
1392 5035 1452 5084 de
1490 5035 1586 5084 hoc
1623 5035 1800 5086 codiee
1836 5032 1971 5085 infra
2010 5034 2220 5086 dicenda
2257 5040 2393 5084 sunt.

959 5121 1004 5182 ⁸)
1058 5118 1132 5169 Cf.
1172 5120 1586 5171 Broukhusinnse
1623 5121 1870 5171 editionis
1909 5137 1989 5186 pg.
2015 5123 2128 5174 412.
