4709 5675
2055 293 2451 354 ...9-

551 494 728 557 quam
774 475 834 535 in
873 475 1086 535 harum
1129 471 1560 534 sententiarum
1593 468 2076 545 coniunctione¹)
2123 477 2184 530 et
2223 469 2288 530 in
2331 468 2589 548 imagine
2636 469 2829 532 verbis
2878 470 3097 532 ‘sedula
3146 471 3331 534 curet’
3376 469 3720 532 adumbrata
3767 472 3963 552 potius
4060 536 4067 544 ‚

555 608 732 670 qnam
769 605 1040 670 expressa
1071 584 1326 667 positam
1360 603 1493 646 esee
1525 582 1930 646 demonstravi
1961 582 2108 663 prol.
2133 599 2229 663 μς.
2247 581 2326 644 20
2347 591 2413 644 et
2436 581 2541 644 24.
2596 582 2743 644 Cant
2775 581 3048 662 sequenti
3077 581 3367 644 sententia
3395 581 3565 658 (huic
3594 591 3759 664 paret
3788 593 3962 664 atque

555 702 756 783 epulas
787 700 912 781 ipsa
941 698 1213 761 ministra
1243 696 1435 777 gerat)
1467 695 1772 760 notionem
1805 695 1992 776 qualis
2023 702 2115 757 est
2145 694 2208 757 in
2237 696 2421 758 verbo
2450 695 2767 758 venerandi
2798 695 2988 758 multo
3020 695 3233 758 melius
3272 695 3595 758 convenire
3638 711 3764 758 non
3806 713 3962 776 nego

555 811 894 876 admonitus
935 811 1022 874 eie
1063 829 1215 891 qnae
1247 810 1341 872 Cr.
1374 807 1616 890 scripsit
1653 808 1778 890 (pg-
1809 807 1988 888 360):
2047 807 2309 871 ‘Warum
2358 807 2645 887 ubergeht
2688 807 2753 870 B.
2798 807 2895 870 die
2924 807 3131 870 Worte
3174 809 3298 890 ipae
3340 811 3603 872 neum
3642 809 3757 870 mit
3798 809 3964 871 Still-

553 926 901 1006 schweigen‚
923 923 1019 986 die
1039 923 1196 985 doch
1217 939 1325 984 aus
1345 937 1490 998 ganz
1511 919 1822 983 derselben
1839 920 2238 1000 Auschaunng
2259 921 2779 1001 hervorgegangen
2795 921 2951 994 sind,
2968 922 3079 984 wie
3098 922 3202 984 das
3226 919 3531 1002 angeblich
3552 922 3962 1003 interpolierte

552 1036 874 1103 vome?
917 1039 1150 1100 Diesem
1183 1036 1524 1098 erlauchten
1545 1035 1688 1098 Gast
1717 1034 2056 1115 gegentlber
2084 1034 2163 1097 iat
2187 1033 2287 1096 die
2317 1031 2685 1097 Hausherrin
2718 1032 3030 1096 Dienerin'.
3089 1033 3205 1098 Sed
3236 1051 3312 1096 ne
3342 1035 3488 1098 haec
3516 1033 3756 1115 quidem
3792 1035 3963 1117 plene

549 1153 928 1224 conveniunt,
969 1149 1446 1231 quandoquidem
1489 1145 1756 1210 ministre
1793 1163 1920 1210 non
1959 1145 2162 1209 eadem
2191 1155 2287 1210 est
2311 1163 2471 1228 quae
2501 1163 2686 1209 serva.
2748 1141 2905 1209 Num
2935 1163 3075 1210 vero
3124 1147 3233 1209 hac
3272 1147 3683 1210 convenientia
3728 1147 3961 1210 etiamsi

549 1265 811 1347 perfecta
869 1263 951 1325 sit
1005 1262 1100 1324 illa
1161 1259 1388 1324 tollitur
1427 1256 1787 1324 difficultas?
1859 1259 1989 1322 Meo
2032 1259 2248 1323 indicio
2291 1275 2371 1321 ne
2418 1270 2545 1322 tum
2588 1259 2833 1341 quidem
2878 1259 3211 1334 tolleretur,
3268 1261 3324 1322 ei
3369 1259 3483 1322 alio
3524 1260 3961 1324 sententiarum

551 1379 762 1440 ordine
806 1375 1094 1456 scriptum
1141 1381 1326 1437 esset:
1383 1381 1617 1436 tantum
1663 1381 1938 1436 venerata
1978 1373 2170 1436 virum
2215 1373 2357 1435 huic
2400 1381 2567 1454 paret
2609 1381 2787 1454 atque
2830 1372 3034 1454 epulas
3076 1373 3205 1452 ipsa
3255 1371 3524 1436 ministra
3568 1381 3754 1452 gerat,
3798 1371 3963 1436 bunc

551 1489 756 1553 sedula
813 1495 1010 1564 curum
1069 1501 1210 1549 nam
1270 1495 1400 1548 tum
1461 1499 1704 1567 quoque
1759 1495 2008 1566 propter
2063 1485 2437 1566 pronominis
2496 1479 2846 1568 ἀναφοράν
2887 1501 3093 1548 vocem
3134 1485 3452 1549 ‘venante’
3502 1483 3575 1546 ad
3635 1485 3961 1550 secundam

555 1601 914 1666 sententiam
971 1600 1110 1662 item
1167 1599 1396 1662 referre
1445 1597 1823 1662 deberemus.
1913 1597 2136 1662 Tamen
2193 1598 2354 1678 quod
2398 1598 2497 1661 Gr.
2544 1597 2691 1660 dixit
2742 1597 3127 1660 scitissimum
3172 1606 3351 1682 atque
3392 1598 3778 1660 utilissimum
3827 1617 3961 1662 ease

555 1713 836 1777 arbitror:
894 1713 1014 1776 iam
1071 1712 1234 1775 enim
1293 1712 1598 1792 intellego,
1660 1709 1818 1793 qnod
1875 1721 2050 1774 antea
2111 1729 2208 1772 me
2265 1725 2387 1773 non
2442 1710 2587 1774 satis
2644 1709 3007 1773 intellexisse
3060 1683 3303 1785 fateor)
3336 1729 3459 1792 quo
3516 1709 3698 1774 modo
3754 1711 3806 1773 is
3860 1712 3959 1793 qui

555 1828 935 1908 archetypum
997 1824 1252 1888 confecit
1305 1823 1600 1888 adductus
1657 1824 1767 1897 sit,
1827 1835 1898 1887 ut
1956 1824 2065 1887 hae
2105 1826 2234 1906 ipsa
2279 1824 2602 1887 venerandi
2646 1841 2791 1886 voce
2834 1825 3104 1887 lacunam
3150 1824 3423 1905 expleret.
3514 1825 3822 1896 Ceterum,
3882 1841 3961 1887 ne

554 1939 908 2022 pertinacior
949 1955 1082 2002 esse
1125 1937 1343 2011 videar,
1383 1937 1476 2000 sic
1516 1937 1835 2000 concludo:
1905 1937 1959 1999 ai
2019 1935 2153 2018 quis
2207 1937 2322 2000 sibi
2368 1939 2723 2018 per-euadere
2767 1938 2987 2019 poterit
3024 1967 3113 1984 --
3156 1953 3265 2018 ego
3312 1954 3437 2000 non
3480 1953 3726 2019 possum
3772 1967 3855 1982 -·
3899 1946 3961 1999 et

552 2051 798 2115 verbum
843 2051 1170 2114 venerandi
1211 2059 1376 2114 recte
1417 2051 1532 2113 boc
1574 2051 1702 2114 loco
1747 2057 2101 2130 usurpatum
2148 2067 2278 2114 esse
2323 2059 2385 2112 et
2425 2049 2727 2114 Tibullum
2772 2065 2910 2114 enm
2956 2067 3106 2124 esse,
3151 2059 3221 2112 ut
3258 2047 3337 2113 de
3383 2066 3492 2114 sna
3536 2064 3671 2112 cnm
3714 2051 3957 2114 Messala

547 2163 948 2228 familiaritate
991 2162 1238 2226 verbum
1283 2163 1602 2226 venerandi
1659 2179 1950 2244 usurpare
1995 2161 2252 2226 voluisse
2311 2163 2677 2239 credatnr⁸)‚
2736 2163 3009 2226 tradita-
3072 2177 3276 2226 verens
3336 2164 3588 2226 formam
3648 2179 3681 2226 a
3725 2163 3959 2226 Tibullo

549 2277 872 2359 profectam
915 2293 1052 2339 esse
1096 2276 1322 2352 credat3
1385 2275 1602 2338 ceteris
1643 2275 1798 2338 enim
1845 2291 1998 2357 qnae
2041 2275 2210 2337 attuli
2253 2275 2623 2355 argumentis
2670 2293 2746 2337 ne
2790 2275 3125 2338 coniunctis
3166 2275 3413 2356 quidem
3458 2283 3693 2338 tantum
3736 2277 3957 2351 tribuo,

551 2400 621 2453 ut
661 2389 1180 2471 interpolationem
1225 2389 1563 2452 necessario
1607 2389 1986 2453 statuendam
2031 2407 2162 2450 esse
2206 2387 2292 2450 eia
2337 2389 2607 2451 evincere
2637 2388 2831 2462 velim,
2876 2405 3013 2450 nam
3044 2388 3318 2451 Tibullus
3358 2403 3602 2470 quoque
3632 2390 3957 2452 sententias

551 2519 678 2566 non
735 2502 1016 2566 omnibus
1075 2503 1342 2565 numeris
1400 2501 1700 2566 absolutas
1749 2499 2077 2564 confecisse
2119 2499 2406 2582 poteat⁸).
2492 2501 2599 2564 Cui
2644 2517 2787 2564 vero
2828 2502 2903 2564 ad
2948 2501 3045 2564 illa
3091 2510 3439 2583 argumenta
3484 2519 3608 2564 non
3652 2503 3797 2564 levia
3838 2503 3958 2564 hac

554 2616 711 2696 quod
766 2633 801 2679 e
847 2615 1164 2679 venerandi
1225 2615 1472 2678 notione
1528 2612 1781 2696 petitum
1839 2623 1932 2676 eat
1989 2623 2411 2695 argumentum
2454 2613 2735 2677 accedere
2776 2611 3097 2690 videbitur,
3156 2615 3443 2679 traditum
3502 2629 3736 2678 versum
3776 2611 3864 2678 3³
3922 2633 3954 2678 a

553 2727 782 2792 Tibullo
825 2727 1112 2809 scriptum
1159 2743 1280 2790 non
1325 2745 1456 2790 esse
1501 2745 1732 2790 mecum
1779 2726 1954 2790 dicat.

833 2842 948 2915 15,
980 2843 1082 2903 47.
1170 2841 1354 2904 Verba
1411 2842 1592 2922 ‘quod
1650 2842 1816 2905 adest
1873 2840 2010 2903 huic
2061 2840 2221 2903 dives
2272 2837 2517 2903 amator’
2572 2840 2643 2903 ad
2700 2840 3051 2923 explendam
3104 2840 3327 2905 codicis
3370 2852 3396 2903 t
3448 2840 3720 2904 lacunam
3762 2844 3837 2904 ab
3881 2858 3955 2905 eo

549 2955 654 3036 qui
697 2953 1080 3037 archetypum
1127 2954 1385 3017 confecit
1427 2954 1780 3035 interpolata
1823 2972 1959 3017 esse
2003 2954 2321 3017 arbitratus
2366 2953 2460 3016 his
2488 2952 2683 3016 verbis
2728 2973 2874 3017 usne
2916 2974 3050 3017 aum
3094 2954 3393 3035 (pg.·27)2
3437 2953 3672 3029 ‘Tibult
3717 2955 3825 3016 der
3855 2956 3959 3017 auf

550 3069 666 3129 den
712 3066 862 3129 alter
905 3075 1030 3130 erst
1057 3067 1125 3128 V.
1159 3066 1241 3129 69
1285 3046 1758 3140 zurilckkommt‚
1801 3068 1964 3129 muta
2005 3066 2156 3142 hier,
2199 3065 2487 3129 ebenl'alh
2532 3066 2683 3129 wohl
2726 3065 2809 3129 im
2856 3066 3213 3141 Perfectum,
3260 3075 3437 3128 etwas
3484 3086 3599 3129 von
3642 3067 3776 3129 dem
3810 3069 3954 3129 Ver-

549 3179 764 3243 baltnie
807 3188 1008 3259 gesagt
1051 3180 1273 3253 haben,
1336 3180 1440 3243 das
1483 3179 1776 3243 zwischen
1821 3178 1956 3241 dem
2003 3178 2252 3243 verliebt
2289 3178 2645 3258 gemachten
2702 3180 2825 3242 und
2876 3180 2983 3241 der
3026 3178 3477 3241 bezaubernden
3520 3180 3797 3243 Schonen
3846 3180 3953 3243 be-

546 3293 739 3364 stand‚
787 3291 874 3353 bis
920 3292 1194 3373 plotzlich
1237 3291 1333 3355 die
1373 3290 1510 3355 lena
1553 3292 1678 3355 sich
1723 3292 2102 3357 einmiscbte:
2148 3308 2263 3353 nur
2307 3310 2398 3367 so,
2436 3292 2676 3355 acheint
2714 3312 2800 3365 es,
2844 3292 3155 3370 gewinnen
3211 3292 3306 3354 die
3346 3292 3547 3355 Worte
3603 3294 3706 3355 des
3752 3292 3818 3354 V.
3852 3292 3953 3367 48.

547 3405 610 3469 in
655 3404 848 3467 denen
893 3410 1046 3469 vonit
1083 3405 1246 3469 stark
1291 3404 1502 3467 betont
1543 3405 1908 3477 voranstcbu
1952 3404 2241 3483 richtigen
2289 3404 2441 3466 Sinn
2485 3404 2606 3466 und
2654 3404 3202 3485 zusammenhang’.
3280 3404 3509 3481 Quibus
3554 3405 3951 3486 comprobatis

546 3516 770 3581 addidit
812 3518 1129 3581 Rotbstein
1175 3523 1298 3599 (pg.
1337 3519 1524 3594 1317)
1567 3519 1739 3581 baec:
1797 3517 1973 3580 ‘Aber
2014 3517 2118 3579 das
2161 3522 2385 3597 genfigt
2429 3517 2625 3592 nicbt;
2668 3517 2831 3580 hatte
2873 3518 2979 3579 der
3009 3518 3161 3580 Verf.
3206 3519 3391 3593 recht,
3436 3537 3503 3580 so
3548 3520 3767 3581 mdsste
3813 3537 3953 3583 man

543 3630 698 3693 anch
745 3630 896 3693 noch
941 3630 1074 3693 eine
1117 3631 1479 3711 Andautnng
1521 3632 1626 3693 des
1665 3630 1978 3693 zeitlichen
2023 3631 2417 3711 Gcgensatzes
2462 3640 2780 3707 marten,
2832 3630 2999 3693 nicht
3042 3632 3139 3695 ein
3182 3632 3403 3695 blosses
3448 3635 3628 3705 venit,
3688 3633 3955 3697 sondern

543 3744 644 3807 aed
686 3761 844 3805 nunc
887 3745 1059 3805 venit.
1149 3742 1263 3806 Der
1307 3744 1546 3807 Dichter
1593 3744 1750 3807 muts
1792 3743 2007 3805 vorher
2051 3744 2238 3806 schon
2284 3742 2389 3806 der
2418 3744 2810 3822 Scbilderung
2852 3744 2963 3806 der
3004 3744 3374 3824 glucklichen
3416 3744 3545 3807 Zeit
3588 3745 3759 3807 einen
3803 3746 3954 3807 Hin-

547 3857 688 3918 weis
727 3858 836 3919 auf
873 3855 970 3918 die
1007 3854 1152 3937 jetzt
1197 3856 1601 3937 eingetretene
1629 3856 2056 3936 Verfinderung
2098 3857 2485 3937 hinzugeft'igt
2528 3854 2757 3920 haben’.
2816 3856 2972 3918 Haec
3002 3856 3239 3919 dimidia
3272 3875 3475 3919 versus
3520 3867 3684 3938 parte
3728 3858 3951 3922 includi

550 3984 674 4029 non
715 3987 894 4049 posse
937 3977 1098 4031 recte
1144 3944 1366 4032 monetss
1456 3969 1663 4051 Neque
1707 3978 1906 4031 tamen
1951 3969 2078 4031 viro
2122 3970 2299 4033 docto
2341 3969 2500 4032 inter
2544 3968 2719 4032 verba
2768 3966 2948 4031 ‘mihi’
2992 3978 3053 4031 et
3097 3968 3293 4049 ‘quod'
3338 3970 3659 4033 hexametri
3706 3970 3951 4035 alteram

549 4089 802 4159 partem,
861 4090 1334 4162 pentametrum,
1396 4081 1705 4145 dimidium
1749 4082 2056 4161 sequentis
2101 4081 2429 4145 hexametri
2472 4080 2840 4145 intercidisse
2882 4079 3117 4164 putanti
3133 4081 3187 4161 ⁴)
3228 4082 3551 4157 assentior.
3596 4083 3731 4164 quia
3776 4083 3951 4145 verba

831 4332 874 4400 ¹)
925 4333 1108 4386 Moneo
1157 4333 1444 4387 Eduardnm
1481 4332 1650 4385 Hiller
1695 4335 1748 4385 in
1791 4334 1906 4386 adn.
1943 4333 2062 4385 erit.
2099 4344 2179 4400 pc.
2211 4332 2265 4384 11
2317 4334 2515 4386 dicere:
2570 4332 2729 4387 ‘Fet-t.
2778 4343 2892 4402 poet
2926 4338 3099 4387 virum
3140 4334 3425 4387 hexametri
3472 4349 3593 4401 pars
3626 4333 3793 4385 altera
3838 4350 3951 4385 cnm

545 4425 860 4485 pentametro
905 4428 959 4472 et
1001 4420 1284 4472 hexametri
1327 4420 1677 4485 subsequentia
1725 4436 1842 4487 pars
1877 4420 2024 4487 prior
2059 4418 2469 4473 interciderunt’.
2541 4421 2697 4487 Quam
2742 4421 3027 4489 opinionem
3079 4423 3126 4474 si
3176 4423 3468 4490 probarem,
3516 4421 3607 4472 illa
3654 4422 3951 4488 paginarum

544 4506 878 4559 ratiocinatio
924 4522 1020 4558 non
1065 4506 1390 4571 concideret3
1436 4506 1614 4574 qnippe
1660 4507 1882 4558 dicere·
1915 4508 1968 4559 in
2005 4506 2180 4558 codice
2213 4514 2237 4559 t
2271 4506 2369 4557 iam
2407 4508 2456 4558 in
2495 4508 2679 4575 pagina
2706 4509 2766 4560 14
2782 4526 2829 4577 p,
2874 4516 2934 4559 nt
2968 4524 3169 4561 carmen
3207 4522 3319 4561 cnm
3354 4510 3536 4575 pagina
3572 4508 3952 4572 terminaretur,

547 4593 612 4643 15
634 4608 822 4645 verena
858 4591 1018 4646 fniaae
1043 4592 1086 4659 (Ι
1111 4595 1160 4659 ⁶,
1183 4594 1424 4658 19-33),
1457 4593 1512 4644 in
1541 4593 1647 4645 llia
1683 4602 2052 4662 naumurum
2087 4594 2328 4645 amissam
2364 4601 2418 4644 et
2454 4600 2647 4661 partem
2681 4596 2967 4647 hexametri
3000 4596 3239 4647 amissam
3270 4610 3385 4647 eam
3421 4602 3649 4647 extrema
3678 4611 3861 4648 verens
3886 4594 3951 4647 33

545 4686 690 4745 parte
723 4688 780 4733 et
813 4696 999 4733 verens
1037 4680 1258 4733 ³4—40.

831 4765 878 4831 ⁸)
929 4766 1004 4819 Cf.
1045 4768 1174 4834 prol.
1213 4782 1296 4834 ps.
1323 4768 1389 4819 28
1423 4774 1481 4819 et
1513 4768 1598 4821 2⁴.

829 4852 876 4917 ³)
929 4852 1074 4921 Quod
1109 4854 1399 4906 rectissime
1435 4860 1608 4905 monet
1641 4852 1859 4921 Magnus
1893 4856 1996 4922 (με.
2028 4855 2200 4919 1548).

831 4940 876 5004 ⁴)
929 4938 1005 4991 Cf.
1043 4955 1170 5006 quae
1208 4940 1335 4991 dicit
1368 4939 1584 5005 Magnus
1620 4946 1724 5007 (ps.
1755 4940 1888 4993 1549
1907 4945 2030 5008 sq.):
2067 4940 2169 4993 ‘lch
2204 4942 2346 4993 halte
2382 4957 2521 4992 zwar
2560 4941 2699 4992 nicht
2732 4939 2817 4993 fiir
2852 4942 3125 5007 glanblicb,
3160 4942 3274 4995 dass
3310 4944 3396 4995 die
3422 4942 3607 4994 Worte
3642 4941 3779 5009 quod
3809 4941 3952 4994 adeat

541 5026 660 5076 Ιιιιίο
692 5024 834 5077 dives
867 5030 1076 5078 amator
1111 5042 1176 5077 zu
1211 5026 1502 5078 athetieren
1537 5026 1709 5090 seien3
1760 5027 1886 5079 aher
1921 5028 2005 5079 die
2041 5028 2094 5079 in
2131 5028 2224 5081 der
2259 5028 2547 5091 Beziehuoss
2581 5027 2671 5079 dea
2706 5028 2831 5080 baec
2870 5042 3089 5081 nocuere
3124 5028 3249 5080 mibi
3286 5028 3519 5095 liegende
3554 5028 3953 5091 Schwierigkeit

545 5111 768 5162 erkenne
805 5112 886 5163 ich
927 5112 1022 5165 an’.

649 5194 824 5243 Διω.
853 5194 1016 5250 om.
1073 5200 1194 5245 issa.
3458 5202 3492 5257 2
