4709 5675
2099 363 2178 373 -
2275 329 2354 391 21
2452 364 2537 375 ..-

615 507 996 571 multifariam
1043 506 1374 588 depravatis
1418 522 1855 587 nonnunquam
1902 506 2359 585 confugiendum
2411 506 2581 569 nobis
2628 526 2759 569 esse
2804 514 3038 569 constat
3086 506 3159 567 ad
3206 507 3439 569 codices
3488 517 3665 569 notae
3712 506 4023 569 deterioris

616 622 836 702 quippe
903 620 1005 701 qui
1073 618 1272 681 multis
1339 620 1624 699 exemplis
1689 598 2194 681 intercedentibus
2248 620 2338 681 vel
2384 620 2455 681 ad
2502 621 2753 683 alterum
2800 619 3099 700 archetypi
3143 619 3526 700 apographon
3572 618 3665 682 bis
3713 628 3873 681 terve
3919 620 4026 681 de-

617 733 901 814 scriptum
923 732 969 807 ¹)
1015 732 1102 793 vel
1149 731 1222 795 ad
1270 732 1388 793 duo
1432 731 1615 794 triave
1661 731 1844 812 ipsius
1891 732 2192 813 archetypi
2246 733 2577 815 apographa
2634 734 2990 813 pertineant.
3080 732 3195 806 Qui
3241 732 3473 795 codices
3519 751 3632 813 qua
3677 732 3908 795 ratione
3954 732 4023 793 ad

618 843 910 925 archetypi
980 843 1338 925 scripturam
1408 842 1875 922 cognoscendam
1945 843 2264 907 adhibendi
2329 844 2480 917 sint,
2550 844 2693 907 satis
2760 844 2961 907 multis
3024 844 3169 906 locis
3215 844 3488 907 docuisse
3534 844 3817 925 videon-²).
3907 845 4024 906 Sed

617 957 898 1038 quaedam
945 957 1020 1018 de
1065 975 1274 1019 eorum
1319 973 1434 1019 usu
1479 955 1742 1018 addenda
1789 965 1950 1018 sunt.
2039 963 2122 1018 Ac
2163 957 2424 1037 primum
2471 958 2708 1039 quidem
2770 968 2914 1021 sunt
2957 956 3061 1038 qui
3105 957 3258 1020 ultra
3301 957 3359 1018 id
3405 958 3562 1039 quod
3611 957 4027 1020 Lachmannus

616 1070 713 1131 illo
761 1079 1031 1150 tempore
1073 1079 1234 1132 recte
1275 1068 1485 1131 statuit
1526 1069 1803 1149 progredi
1849 1068 2178 1131 videantur.
2269 1069 2415 1131 Nam
2464 1088 2599 1133 cum
2647 1071 2745 1133 ille
2798 1070 2992 1132 littera
3040 1070 3083 1131 C
3143 1068 3402 1132 breviter
3445 1070 3830 1151 significasset
3881 1088 4029 1132 con·

614 1200 861 1245 sensum
931 1182 1110 1243 trium
1180 1181 1449 1245 codicum
1513 1180 2298 1260 recentissimorum⁸),
2366 1182 2425 1245 hi
2490 1183 2735 1246 criticen
2804 1183 2891 1245 sic
2956 1201 3234 1245 exercere
3278 1184 3513 1257 volunt,
3580 1191 3863 1264 tanquam
3931 1182 4027 1245 ille

615 1296 878 1358 codicem
937 1294 1233 1377 quendam
1292 1295 1336 1357 C
1401 1314 1471 1356 ex
1529 1276 1666 1375 ipso
1732 1295 2048 1375 archetypo
2108 1295 2469 1375 descriptum
2531 1315 2601 1357 ex
2664 1314 2869 1357 eorum
2917 1313 3215 1357 consensu
3260 1295 3493 1358 restitui
3537 1314 3711 1376 posse
3757 1294 4026 1368 dixissen

617 1409 776 1491 quod
824 1427 948 1471 non
993 1407 1132 1470 fecit
1179 1426 1292 1469 nec
1336 1407 1526 1471 facere
1573 1407 1796 1471 debuit.
1855 1406 1975 1470 lam
2009 1426 2148 1469 vero
2180 1428 2316 1471 cave
2360 1418 2535 1489 putes
2579 1410 2945 1490 exploratum
2994 1416 3173 1489 atque
3219 1417 3589 1489 compertum
3638 1427 3767 1470 esse
3812 1408 4027 1489 scripta

615 1521 680 1583 in
727 1521 928 1583 codice
971 1518 1395 1595 Eboracensi⁴)
1455 1519 1638 1583 fuisse
1693 1540 1759 1582 ea
1817 1520 2014 1583 omnia
2068 1538 2220 1601 quae
2276 1541 2309 1582 e
2358 1521 2721 1584 Lachmanni
2768 1522 2856 1583 vel
2900 1520 3133 1584 silentio
3180 1522 3269 1583 vel
3313 1522 3471 1583 notis
3516 1520 3733 1583 criticis
3756 1519 3807 1601 ⁵)
3848 1522 3911 1582 in
3958 1538 4029 1581 eo

619 1634 802 1697 l'uisse
867 1634 1206 1716 suspiceris.
1295 1635 1490 1714 Atque
1547 1652 1618 1695 ex
1677 1633 1750 1696 iis
1811 1652 1962 1715 quae
2013 1633 2226 1697 dubiae
2281 1650 2405 1695 non
2459 1643 2605 1697 sunt
2647 1634 2869 1697 codicis
2911 1654 2948 1715 y
2992 1632 3344 1697 lectionibus
3388 1632 3459 1693 Η.
3490 1631 3801 1712 Magnus⁶)
3850 1650 4028 1695 unam

621 1767 751 1811 eam
797 1766 927 1811 esse
969 1746 1206 1822 iudicat,
1252 1755 1318 1809 ut
1361 1746 1500 1809 inde
1545 1746 1891 1809 conficiatur
1935 1746 2197 1810 codicem
2245 1748 2316 1808 ad
2364 1747 2670 1827 proprium
2718 1747 3017 1828 archetypi
3059 1746 3437 1829 apographon
3466 1744 3847 1807 referendum
3880 1764 4029 1817 esse,

620 1860 750 1923 dico
797 1878 1034 1923 versum
1081 1858 1196 1934 13,
1227 1861 1286 1921 4.
1377 1860 1492 1921 Sed
1561 1860 1922 1923 conferenda
1989 1868 2133 1922 sunt
2198 1878 2351 1941 quae
2420 1860 2496 1921 de
2550 1859 2821 1921 codicum
2876 1860 2937 1921 in
2992 1859 3105 1921 hoc
3160 1860 3285 1921 loco
3330 1858 3757 1939 discrepantiae
3801 1858 4029 1939 origine

621 1973 866 2054 exposui
913 1972 974 2034 in
1019 1973 1170 2053 prol.
1217 1991 1312 2053 pg.
1348 1970 1459 2049 733
1503 1980 1808 2053 praeterea
1853 1991 2069 2035 moneo
2115 1972 2365 2035 eandem
2410 1981 2587 2052 atque
2630 1974 2693 2034 in
2741 1971 2937 2035 codice
2980 1990 3015 2053 y
3058 1972 3376 2033 lectionem
3430 1971 3682 2033 inveniri
3726 1971 3789 2033 in
3834 1970 4029 2050 aliis')

619 2085 942 2158 codicibus,
1003 2102 1154 2166 quos
1199 2103 1412 2147 omnes
1459 2104 1526 2146 ex
1575 2085 1933 2148 Eboracensi
1979 2085 2182 2148 codiee
2227 2084 2468 2147 fluxisse
2513 2103 2635 2147 non
2681 2084 2849 2147 facile
2895 2084 3265 2149 crediderim.
3353 2084 3560 2166 Itaque
3605 2092 3673 2146 ut
3716 2084 4030 2165 aliquando

618 2200 760 2282 quid
829 2218 861 2260 e
927 2197 1125 2260 codice
1167 2216 1204 2278 y
1264 2196 1547 2259 traditum
1615 2198 1692 2259 sit
1758 2198 2158 2279 comperiatur
2221 2205 2575 2279 certumque
2639 2199 2712 2259 de
2780 2217 2849 2261 eo
2905 2196 3239 2260 adhibendo
3293 2196 3576 2259 iudicium
3638 2197 3765 2260 fleri
3821 2198 4031 2277 possit,

619 2311 964 2394 appendicis
1009 2312 1138 2373 loco
1183 2310 1510 2374 exscribam
1559 2330 1632 2372 ex
1675 2311 1804 2373 libri
1839 2312 1900 2372 in
1933 2309 2285 2373 bibliotheca
2318 2310 2473 2389 regia
2506 2310 2873 2372 Berolinensi
2904 2312 3181 2373 asservati
3212 2310 3343 2387 (Me.
3368 2310 3520 2371 Dies.
3544 2310 3611 2371 B.
3636 2310 3801 2372 Sant.
3826 2310 3926 2371 55.
3945 2311 4032 2390 d.)

621 2425 854 2487 schedis
901 2422 1151 2485 15-24
1217 2442 1631 2504 quaecumque
1696 2424 1768 2485 ad
1837 2424 2000 2485 hunc
2063 2424 2328 2485 codicem
2395 2424 2717 2505 pertinent.
2808 2422 2979 2484 Notis
3038 2440 3070 2483 e
3123 2440 3401 2485 versuum
3462 2422 3671 2483 ordine
3730 2422 4031 2503 dispositis

622 2555 907 2601 numeros
953 2536 1280 2601 adscribam
1327 2536 1606 2600 editionis
1651 2535 2015 2600 Hirzelianae
2059 2537 2302 2617 quintae
2347 2534 2420 2598 ab
2464 2536 2731 2599 Iohanne
2770 2534 3025 2598 Vahleno
3072 2544 3329 2597 curatae.

410 2785 451 2848 f.
481 2784 578 2847 15.
1455 2758 1848 2843 Tibullus
1913 2758 2273 2843 collatus
2336 2787 2527 2844 cum
2590 2758 3200 2874 manuscriptis,

689 2938 757 2997 A.
828 2936 1026 2998 Codex
1093 2935 1203 2998 ΜΒ.
1259 2935 1648 2998 Bibliothecae
1707 2935 2053 2998 Bodleianae
2121 2955 2192 2997 ex
2265 2937 2423 2999 dono
2483 2936 2921 3018 Archiepiscopi
2989 2936 3456 3000 Cantuariensis.
3544 2936 3694 3000 liber
3758 2955 4029 3016 magnam

822 3057 1052 3131 partem
1103 3047 1374 3122 mutilus,
1419 3049 1482 3110 in
1530 3049 1698 3113 cuius
1742 3049 1860 3111 fine
1905 3049 2050 3110 haec
2091 3049 2395 3128 leguntur:
2452 3047 2573 3129 Ego
2620 3048 2840 3111 Nicola.
2886 3050 2960 3111 de
3004 3048 3218 3111 Bandis
3265 3049 3425 3112 hunc
3469 3049 3765 3113 Tibullum
3824 3049 4032 3130 scripsi

823 3181 1030 3225 mense
1072 3162 1342 3242 Augusti,
1396 3161 1576 3223 1460.

690 3276 755 3337 Β.
825 3273 1023 3337 Codex
1069 3275 1334 3337 eiusdem
1371 3273 1778 3347 Bibliothecae,
1824 3292 1890 3334 ex
1924 3275 2082 3337 dono
2115 3273 2382 3336 eiusdem
2415 3273 2874 3356 Archiepiscopi‚
2921 3275 3023 3356 qui
3054 3275 3347 3338 Catullum
3383 3275 3637 3338 habebat
3667 3275 4028 3339 adiunctum.

691 3389 751 3451 C.
819 3388 1013 3450 Codex
1057 3387 1495 3471 Archiepiscopi
1539 3386 1950 3460 Eboracensis,
1999 3387 2149 3450 circa
2196 3387 2386 3460 initia,
2438 3395 2503 3448 ut
2546 3387 2867 3461 videbatur,
2914 3387 3058 3450 artis
3104 3388 3556 3469 typographicae
3599 3387 3876 3469 scriptus.

688 3502 754 3563 Ι).
823 3501 1102 3563 Eiusdem
1151 3501 1336 3562 codex
1385 3501 1592 3562 eodem
1638 3503 1761 3562 fere
1807 3508 2078 3580 tempore
2123 3499 2405 3580 scriptus.

684 3615 751 3676 Ε.
819 3614 1098 3676 Eiusdem
1148 3614 1334 3676 codex
1380 3613 1650 3675 omnium
1697 3631 1844 3693 quos
1891 3611 2007 3674 vidi
2055 3612 2498 3674 vetustissimus
2544 3612 2761 3694 quippe
2805 3613 2906 3694 qui
2952 3631 3109 3676 anno
3161 3613 3323 3674 1425
3368 3613 3625 3696 scriptus
3668 3623 3795 3677 erat
3849 3621 3916 3676 ut
3972 3615 4032 3676 in

820 3725 939 3788 fine
981 3725 1370 3807 legebatur⁸).

907 3865 1068 3927 Duos
1139 3866 1370 3945 priores
1439 3865 1672 3928 codices
1738 3882 1877 3927 cum
1942 3864 2404 3946 Raphelingiana
2472 3863 2731 3928 editione
2796 3866 3021 3928 contuli
3082 3866 3146 3928 in
3210 3867 3487 3946 vigesimo
3546 3876 3780 3948 quarto.
3884 3867 4033 3930 Tres

619 3977 978 4057 posteriores
1024 3996 1160 4040 oum
1208 3978 1413 4040 Aldina
1460 3977 1670 4041 Mureti
1719 3976 2060 4054 editione0).

909 4191 954 4253 ¹)
1003 4187 1144 4240 Hane
1181 4188 1506 4253 sententiam,
1543 4203 1687 4253 quam
1723 4195 1990 4254 praestare
2025 4188 2149 4240 mihi
2187 4188 2450 4254 persuasi,
2494 4188 2785 4239 accuratius
2821 4189 3059 4255 persequi
3096 4204 3226 4239 nunc
3261 4189 3462 4255 quidem
3498 4189 3643 4256 piget
3678 4203 3863 4256 neque,
3920 4198 4036 4242 utra

623 4275 883 4327 sententie
923 4276 1100 4328 verior
1133 4276 1226 4340 sit,
1259 4278 1323 4327 ad
1357 4283 1540 4343 poetae
1577 4275 1732 4325 verbs
1773 4275 2076 4342 reperienda
2113 4276 2280 4339 magni
2316 4274 2495 4327 refert.

906 4361 951 4425 ἲ)
1004 4361 1134 4413 Vide
1169 4376 1296 4428 qua-e
1333 4362 1544 4428 exposui
1581 4363 1644 4412 de
1680 4361 1962 4413 versibusl
1990 4366 2033 4427 1,
2057 4361 2152 4425 433
2189 4363 2239 4425 3,
2265 4363 2324 4426 43
2360 4364 2412 4426 4,
2436 4364 2530 4426 443
2566 4359 2609 4413 Π
2636 4361 2685 4426 1,
2708 4361 2802 4426 673
2840 4361 2891 4424 3,
2912 4361 3008 4424 613
3044 4361 3095 4426 4,
3122 4361 3213 4425 233
3251 4359 3387 4428 1112,
3412 4363 3457 4414 5.
3484 4363 3577 4426 243
3614 4361 3683 4414 lv
3706 4362 3752 4428 1,
3776 4363 4035 4415 4o.112a.

905 4448 950 4512 ⁸)
1004 4448 1167 4500 Verbi
1203 4449 1372 4513 gratis
1410 4448 1473 4499 ef.
1509 4462 1638 4514 quae
1675 4464 1830 4516 supra
1866 4449 1930 4499 de
1967 4448 2142 4500 codice
2177 4466 2205 4499 e
2238 4448 2350 4499 dixi
2388 4449 2489 4515 (με.
2518 4449 2583 4500 20
2619 4449 2733 4499 adn.
2762 4449 2833 4512 2).

907 4533 953 4596 ⁴)
1007 4533 1100 4585 Cui
1136 4533 1504 4586 Lachmannnm
1543 4534 1740 4600 quidem
1781 4535 1984 4587 nimiam
2019 4535 2383 4587 auctoritatem
2420 4535 2667 4586 tribuisse
2704 4535 2827 4586 mihi
2864 4549 3161 4602 persuasum
3198 4541 3293 4586 est.

903 4619 949 4683 ⁶)
1001 4619 1142 4686 Ergo
1177 4635 1240 4671 ne
1278 4635 1339 4672 en
1371 4621 1571 4689 quidem
1609 4637 1733 4672 vers
1769 4629 1888 4674 sunt
1921 4637 2048 4687 qnae
2085 4623 2118 4672 l.
2157 4636 2312 4688 supra
2345 4623 2449 4690 (με.
2478 4621 2509 4672 3
2545 4621 2658 4672 adn.
2693 4624 2744 4685 1)
2779 4623 2814 4673 l.
2850 4619 2909 4672 fl.
2936 4619 3149 4685 Magnus
3186 4621 3339 4674 dixit.

903 4706 949 4770 ⁸)
1004 4721 1050 4758 a.
1082 4706 1210 4758 1887
1248 4707 1281 4756 1.
1313 4707 1348 4758 1.
1383 4721 1464 4773 με.
1492 4708 1610 4759 331.

907 4792 951 4857 ¹¹)
1005 4792 1138 4844 Vide
1177 4792 1594 4848 nroukhuslanae
1631 4794 1874 4848 editionis
1911 4809 1990 4862 με.
2016 4795 2117 4848 412
2154 4802 2209 4847 et
2245 4793 2591 4848 bibliothecae
2626 4793 2997 4848 Ambrosiam-e
3033 4797 3145 4848 cod.
3168 4797 3377 4848 membr.
3408 4794 3531 4849 Glo
3550 4811 3661 4864 sup.

907 4879 952 4944 ⁸)
1004 4879 1097 4931 Hie
1133 4887 1216 4932 est
1251 4879 1410 4931 codex
1449 4897 1482 4948 y
1517 4881 1848 4946 (Lachmanni
1883 4885 1968 4947 Α).

903 4967 951 5029 ⁹)
1003 4965 1142 5019 Unde
1191 4975 1503 5035 compertum
1546 4969 1784 5021 habuerit
1820 4970 2166 5022 Lachmannus
2210 4968 2440 5020 codicem
2485 4968 2727 5020 collatum
2770 4983 2882 5019 esse
2928 4985 3039 5020 eum
3075 4969 3301 5021 editione
3338 4985 3367 5020 a
3404 4969 3603 5022 Μαι-εἰσ
3640 4987 3685 5020 a.
3720 4971 3845 5022 1562
3882 4973 4037 5032 (hune

619 5067 801 5101 annum
839 5067 1016 5104 manns
1054 5055 1412 5106 recentissima
1449 5055 1573 5105 stilo
1608 5055 1966 5121 plumbagineo
2001 5055 2300 5123 adscripsit)
2337 5055 2523 5107 emisse
2572 5054 2741 5120 potius
2786 5068 2933 5121 quam
2978 5071 3089 5106 cum
3135 5055 3405 5122 superiore
3453 5057 3567 5107 anni
3607 5057 3759 5120 1558,
3804 5059 4036 5123 equidem

619 5139 818 5204 ignoro.
856 5165 924 5178 —
961 5138 1012 5191 In
1051 5138 1085 5192 f.
1116 5141 1176 5193 16
1212 5148 1292 5192 est
1330 5143 1437 5210 vita
1474 5139 1684 5194 Tibulli.
