4709 5675
2253 323 2641 382 ...4.-

736 519 787 560 a.
825 499 988 562 1876
1032 498 1377 572 coniecit¹)‚
1445 499 1634 560 littera
1681 517 1718 578 q
1785 498 1934 558 infra
1997 515 2232 560 versum
2303 499 2641 578 pertinente
2696 515 2899 559 verum
2949 515 3067 559 non
3116 508 3224 558 est.
3312 499 3573 561 Emenso
3621 503 3760 564 mihi
3810 503 4139 568 litterarum

738 613 994 692 spatium
1043 611 1277 672 videtur
1321 611 1532 672 fuisse:
1601 609 1732 671 ‘hec
1773 608 1992 692 patiefi'i
2042 619 2103 671 et
2149 609 2529 690 (compendio
2575 610 2885 690 scriptum)
2936 607 3079 682 nro',
3149 629 3325 690 quam
3394 611 3705 673 lectionem
3766 615 3837 674 ab
3907 636 3975 678 eo
4042 618 4146 698 qui

738 725 999 786 codicem
1045 723 1328 805 ‘quinque
1381 722 1572 784 saltim
1629 722 1928 786 decenniis
1987 721 2197 804 post'2)
2243 724 2499 785 correxit
2553 721 2847 784 sublatam
2908 741 3039 782 esse
3084 739 3204 784 non
3250 731 3343 786 est
3386 723 3541 803 quod
3590 723 3894 788 miremur.
3986 729 4142 792 Con-

738 837 983 898 cedetur
1025 843 1185 897 certe
1231 835 1592 898 credendum
1641 836 1803 897 nullo
1853 834 2029 897 modo
2077 855 2208 897 esse
2252 835 2419 897 illum
2467 845 2865 896 correctorem
2908 834 2969 897 in
3002 835 3206 899 codice
3236 835 3521 917 scriptum
3552 836 3760 916 legisse
3791 841 3953 918 quod
3986 859 4147 904 nunc

735 949 1031 1039 traditur..
1097 947 1318 1022 Quodsi
1367 966 1520 1010 unus
1567 947 1750 1010 codex
1795 948 1845 1010 A
1897 968 1927 1009 a
1975 949 2200 1027 vulgata
2247 949 2541 1028 scriptura
2587 947 2973 1029 discreparet,
3036 949 3163 1010 eius
3208 947 3511 1011 librarium
3565 949 3628 1011 in
3673 967 3739 1011 re
3784 969 3935 1030 quae
3980 955 4141 1032 parvi

737 1062 970 1123 videtur
1015 1079 1143 1122 esse
1192 1060 1479 1122 momenti
1526 1079 1801 1141 peccasse
1849 1061 2172 1123 iudicantes
2217 1061 2748 1140 acquiesceremus.
2838 1059 2954 1122 Sed
3010 1059 3237 1141 aliquot
3291 1061 3525 1124 codices
3578 1071 3639 1124 et
3683 1062 3974 1126 editiones
4020 1064 4139 1126 col-

733 1175 1104 1253 lationesque
1152 1181 1413 1234 vetustae
1460 1180 1762 1234 testantur
1807 1179 1947 1234 ‘non
1996 1174 2110 1235 hoc
2153 1173 2448 1253 patiemur
2490 1181 2551 1234 et
2594 1171 2823 1254 aequo',
2868 1190 3030 1235 unus
3076 1172 3225 1234 liber
3262 1175 3507 1254 praehet
3538 1182 3676 1236 ‘non
3711 1175 3822 1238 hoc
3852 1175 4145 1256 patiemur

739 1306 770 1346 e
815 1287 1060 1358 nostro',
1130 1303 1282 1347 unus
1348 1291 1492 1346 ‘non
1555 1285 1669 1346 hoo
1713 1295 1914 1346 nostro
1959 1284 2358 1365 patiemur'⁸).
2446 1285 2623 1366 Atqui
2668 1285 2777 1346 hae
2823 1285 3147 1366 scripturae
3192 1304 3315 1348 non
3359 1297 3503 1348 sunt
3548 1288 3677 1350 eius
3724 1288 3917 1362 modi,
3985 1301 4051 1351 ut
4110 1307 4141 1350 a

738 1417 1036 1479 quoquam
1085 1397 1373 1478 vulgatae,
1443 1417 1592 1478 quae
1651 1398 1943 1478 optimum
2001 1415 2242 1459 sensum
2307 1397 2576 1478 praebet,
2645 1397 2971 1478 scripturae
3030 1399 3433 1460 emendandae
3477 1399 3793 1481 cupiditate
3838 1402 4141 1482 supposita

738 1531 870 1572 esse
916 1510 1168 1572 debeant
1213 1510 1388 1572 credi.
1481 1511 1660 1590 Ergo,
1730 1519 1795 1572 ut
1839 1527 1958 1590 quo
2007 1511 2182 1572 modo
2227 1510 2359 1572 illae
2405 1509 2545 1571 oriri
2593 1511 2899 1590 potuerint
2943 1510 3333 1591 explicemus,
3392 1529 3581 1572 unum
3626 1513 4011 1594 relinquitur,
4078 1525 4144 1575 ut

737 1623 926 1684 simile
973 1623 1110 1702 quid
1158 1623 1485 1703 antiquitus
1531 1623 1812 1685 traditum
1860 1641 1988 1684 esse
2049 1633 2344 1704 putemus.
2435 1622 2626 1702 Atque
2684 1621 2961 1684 facillime
3021 1622 3413 1704 discrepantia
3477 1632 3675 1704 potest
3735 1625 4038 1706 explicari,
4096 1627 4144 1688 si

741 1736 803 1798 in
847 1734 998 1797 libro
1046 1737 1363 1816 archetypo
1410 1736 1698 1817 scriptum
1744 1735 1885 1798 fuit:

2059 1915 2170 1978 hec
2212 1915 2509 1996 patiemur
2552 1922 2613 1977 et
2657 1861 2832 1996 exito.

733 2057 801 2118 In
849 2055 1184 2137 apographo
1230 2055 1279 2116 0
1325 2054 1462 2118 inde
1507 2073 1850 2137 expressum
1899 2064 1992 2117 est
2037 2055 2168 2118 ‘hec
2208 2055 2509 2136 patiemur
2550 2065 2613 2117 et
2654 2051 2805 2128 nro‘,
2871 2055 3026 2134 quod
3094 2073 3263 2117 more
3322 2073 3431 2116 suo
3493 2055 3767 2118 librarius
3829 2056 4051 2120 codicis
4096 2064 4141 2120 Α

732 2169 985 2232 fideliter
1030 2168 1399 2250 propagavit;
1468 2169 1739 2230 librarius
1808 2167 2028 2231 codicis
2074 2170 2119 2228 V
2173 2167 2653 2232 emendationem
2720 2187 2873 2248 quae
2926 2167 2991 2230 in
3046 2178 3329 2248 promptu
3384 2177 3510 2229 erat
3554 2169 3785 2232 videtur
3830 2169 4141 2251 recepisse.

735 2283 803 2344 ln
847 2283 1034 2344 altero
1077 2289 1277 2357 autem
1325 2281 1470 2355 sive,
1515 2300 1650 2343 cum
1696 2281 1884 2343 soleat
1927 2281 2087 2344 credi
2133 2281 2300 2362 plura
2346 2280 2678 2362 apographa
2726 2281 2877 2345 facta
2924 2298 3075 2354 esse,
3123 2280 3183 2342 in
3229 2281 3342 2344 alio
3388 2281 3643 2360 quodam
3692 2281 3907 2362 duplex
3938 2283 4143 2344 arche-

734 2393 854 2476 typi
921 2396 1208 2475 scriptura
1275 2401 1504 2456 servata
1568 2403 1687 2468 est3
1753 2393 2151 2475 posteriorum
2216 2391 2597 2456 librariorum
2666 2411 2802 2474 pars
2869 2393 2925 2454 id
2993 2393 3149 2472 quod
3218 2392 3280 2456 in
3332 2411 3505 2456 versu
3562 2401 3691 2457 erat
3736 2413 3843 2474 pro
3887 2394 4142 2474 genuina

733 2507 1022 2588 scriptura
1090 2506 1328 2578 habuit,
1395 2524 1532 2586 pars
1599 2507 1793 2570 locum
1863 2507 2200 2568 coniectura
2255 2505 2607 2568 tentandum
2664 2505 2727 2568 in
2782 2524 2967 2586 eaque
3015 2504 3295 2570 vocabulo
3354 2525 3533 2586 supra
3580 2507 3805 2588 scripto
3852 2508 4143 2572 utendum

737 2639 867 2682 esse
910 2619 1280 2699 intellexit⁴).

1024 2733 1307 2813 Sequitur
1352 2741 1420 2793 ut
1463 2748 1840 2812 quaeramus,
1881 2749 2002 2812 quo
2049 2731 2226 2792 modo
2269 2729 2569 2811 archetypi
2610 2729 2787 2792 lectio
2833 2730 2975 2792 oriri
3020 2731 3315 2811 potuerit3
3360 2749 3554 2810 neque
3600 2730 3759 2792 enim
3806 2750 3898 2793 res
3929 2751 3993 2793 ea
4036 2743 4145 2804 est,

739 2854 804 2909 ut
869 2846 940 2907 de
1008 2864 1172 2909 mero
1241 2844 1568 2927 scripturae
1628 2845 1844 2907 mendo
1891 2844 2148 2925 cogitare
2192 2844 2531 2907 debeamus.
2624 2844 2813 2923 Atque
2861 2862 2937 2905 ne
2983 2843 3284 2925 archetypi
3329 2844 3571 2924 quidem
3618 2844 3923 2907 librarium
3969 2846 4145 2907 talem

737 2958 1250 3039 interpolationem
1299 2957 1478 3020 animi
1521 2976 1694 3021 causa
1741 2958 2106 3037 excogitasse
2148 2967 2326 3037 atque
2380 2974 2489 3038 pro
2536 2956 2825 3037 scriptura
2870 2956 2943 3017 ad
2988 2956 3449 3037 intellegendum
3504 2958 3777 3019 facillima
3823 2958 4147 3021 inculcasse

737 3072 1015 3135 credibile
1059 3080 1168 3133 est.
1255 3071 1459 3152 Itaque
1505 3071 1880 3143 necessitate,
1955 3080 2022 3133 ut
2062 3089 2296 3133 versum
2355 3071 2640 3151 expleret,
2707 3079 2943 3133 coactus
2990 3070 3225 3133 videtur
3270 3090 3419 3133 esse.
3508 3070 3583 3133 Et
3650 3072 3961 3151 quoniam,
4030 3091 4147 3151 quo

738 3184 964 3247 facilius
1009 3184 1331 3265 explicetur
1372 3184 1693 3264 genuinam
1741 3202 1948 3245 versus
1994 3182 2241 3245 formam
2292 3183 2633 3245 coniectura
2678 3192 2972 3263 repertam
3021 3202 3167 3257 esse,
3213 3182 3285 3247 ab
3332 3183 3629 3264 archetypi
3667 3184 3907 3247 librario
3940 3202 4142 3247 vocem

737 3294 979 3359 ‘nostro’
1029 3297 1298 3359 traditam
1345 3315 1478 3359 esse
1523 3296 1782 3359 arbitrati
1831 3314 2060 3366 sumus,
2107 3296 2170 3357 in
2215 3295 2367 3357 libro
2411 3315 2485 3357 ex
2529 3314 2649 3377 quo
2694 3295 3049 3376 archetypus
3094 3295 3427 3377 descriptus
3472 3306 3561 3359 est
3606 3306 3831 3359 tantum
3866 3302 4007 3361 ‘non
4038 3316 4145 3377 ego

737 3410 942 3471 firmus
989 3410 1051 3471 in
1096 3409 1211 3471 hoc
1253 3426 1378 3470 non
1425 3408 1534 3471 hec
1577 3410 1738 3489 patie
1770 3452 1786 3468 .
1820 3453 1834 3467 .
1869 3454 1884 3469 .
1922 3408 2053 3470 nro'
2097 3408 2209 3488 legi
2253 3408 2519 3489 potuisse
2564 3418 2861 3489 putamus.
2934 3406 3255 3479 Librarius,
3302 3408 3399 3469 cui
3444 3408 3598 3471 vocis
3642 3408 3959 3489 patientiae
4002 3420 4147 3471 tunc

731 3522 928 3603 ipsum
976 3522 1039 3584 in
1088 3530 1348 3583 mentem
1396 3538 1520 3583 non
1567 3520 1792 3583 veniret
1851 3530 1910 3583 et
1952 3522 2202 3583 verbum
2251 3522 2483 3583 finitum
2530 3521 2851 3583 desiderari
2896 3520 3219 3587 videretur.
3287 3520 3478 3601 primo
3524 3520 3849 3601 ‘patiemur’
3894 3522 4143 3603 scripsit.

735 3634 858 3697 lam
906 3654 1040 3696 cum
1087 3632 1336 3696 ‘nostro'
1381 3642 1625 3714 propter
1670 3642 1924 3695 metrum
1972 3634 2034 3694 in
2080 3652 2250 3695 versu
2297 3634 2542 3695 retineri
2588 3650 2710 3695 non
2756 3644 2979 3713 posset,
3024 3633 3127 3696 sed
3174 3634 3461 3696 adiectivo
3504 3634 3577 3695 ad
3610 3652 3816 3697 vocem
3863 3634 4145 3714 ‘ingenio'

735 3746 1054 3829 pertinenti
1088 3766 1239 3827 opus
1269 3755 1446 3819 esset,
1489 3746 1616 3827 ipsa
1647 3746 1938 3809 sententia
1984 3754 2246 3827 ‘aequo
2289 3745 2551 3826 iugenio’
2598 3747 3055 3821 commendarim
3100 3747 3296 3809 vocula
3343 3746 3442 3809 ‘et'
3474 3746 3819 3829 interposita
3862 3748 3959 3809 ille
4004 3748 4143 3810 satis

733 3859 1043 3922 infeliciter
1088 3868 1277 3921 metro
1321 3859 1623 3921 satisfecit.
1705 3858 1925 3921 Vocem
1971 3867 2292 3921 extremam
2339 3876 2478 3921 cum
2522 3859 2785 3940 recipere
2826 3859 2887 3920 in
2934 3878 3173 3921 versum
3221 3875 3345 3921 non
3390 3860 3680 3941 potuisset
3722 3876 3915 3941 neque
3960 3860 4147 3923 iuter-

735 3972 929 4053 cipere
972 3972 1238 4043 auderet,
1283 3990 1462 4052 supra
1509 3971 1838 4052 adscripsit,
1883 3970 1941 4033 id
1989 3972 2146 4052 quod
2193 3970 2433 4053 saepius
2478 3972 2540 4033 in
2586 3991 2651 4033 re
2696 3970 2873 4035 dubia
2920 3991 3055 4035 eum
3100 3970 3309 4035 fecisse
3354 3972 3671 4047 constat⁸).

1021 4085 1140 4146 lam
1201 4103 1340 4147 vero
1407 4082 1522 4147 tale
1589 4084 1760 4165 quale
1817 4084 1878 4145 in
1925 4083 2040 4145 hoc
2085 4102 2258 4146 versu
2315 4084 2537 4147 factum
2586 4095 2713 4147 erat
2757 4085 3041 4147 damnum
3088 4102 3451 4165 quamquam
3496 4086 3555 4147 in
3604 4085 3852 4147 mediam
3900 4085 4143 4165 paginae

737 4206 961 4277 partem
1029 4198 1238 4259 cadere
1306 4207 1530 4279 potest,
1597 4206 1798 4259 tamen
1864 4196 1930 4258 in
1999 4215 2302 4259 summum
2371 4197 2719 4259 infimumve
2784 4198 3032 4277 paginae
3101 4216 3337 4259 versum
3414 4198 3689 4259 facillime
3760 4198 3971 4259 cadere
4034 4217 4143 4279 ap-

735 4317 919 4393 paret.
1012 4311 1212 4390 Itaque
1271 4318 1588 4392 postquam
1651 4310 2227 4390 argumentationem
2283 4310 2461 4372 modo
2515 4310 2879 4391 propositam
2924 4311 2985 4372 in
3032 4309 3421 4373 bibliothecae
3468 4310 3891 4373 Ambrosianae
3936 4312 4142 4373 umbra

1019 4527 1064 4591 ²)
1119 4526 1256 4578 Dicit
1307 4526 1341 4577 1.
1379 4525 1414 4576 1.
1453 4540 1533 4593 pg.
1571 4526 1662 4579 61:
1717 4524 1832 4576 ‘Die
1868 4524 2028 4577 editio
2067 4524 2336 4589 Regiensis
2384 4524 2511 4576 liest
2544 4526 2661 4575 ‘non
2696 4524 2793 4575 hoe
2830 4523 3083 4591 patiemur
3122 4530 3177 4575 et
3211 4523 3407 4589 eequo’,
3460 4524 3561 4574 und
3616 4524 3727 4576 dies
3780 4524 3907 4575 wird
3957 4524 4005 4573 in
4044 4523 4139 4573 den

734 4614 1023 4681 Excerpten
1063 4616 1154 4666 des
1190 4612 1430 4664 Perreius
1466 4613 1542 4663 als
1579 4612 1664 4664 die
1702 4612 1808 4663 alte
1847 4610 2031 4663 Lesart
2065 4612 2376 4664 bezeichuet.
2437 4610 2580 4662 ohne
2616 4610 2837 4662 Zweirel
2876 4612 2965 4662 hot
2999 4626 3056 4662 so
3092 4610 3221 4661 such
3259 4612 3351 4662 der
3380 4610 3611 4662 Ambros.
3640 4626 3737 4663 von
3764 4617 3937 4661 enter
3966 4610 4143 4659 Hand!

1020 4703 1067 4766 ²)
1120 4716 1244 4765 ergo
1281 4697 1504 4751 fortasse
1541 4706 1802 4766 postquam
1827 4697 2088 4749 Fontanus
2124 4698 2256 4749 illud
2292 4698 2411 4749 ‘nou
2439 4698 2561 4749 haec
2584 4698 2833 4765 patientia
2858 4695 3049 4749 nostro'
3076 4698 3263 4763 posuit.
3318 4696 3393 4749 Cf.
3422 4699 3695 4750 Baehrensi
3722 4697 3917 4764 proleg.
3938 4712 4019 4763 pg.
4038 4695 4143 4747 vll.

1017 4789 1062 4852 ⁸)
1117 4788 1247 4839 Vide
1281 4786 1396 4837 edu.
1427 4786 1477 4851 1)
1511 4793 1564 4838 et
1603 4786 1913 4837 Broukhusii
1950 4786 2026 4837 ed.
2065 4800 2142 4851 με.
2169 4786 2288 4837 428.
2360 4784 2637 4835 Praeterea
2680 4782 2745 4835 ef.
2795 4786 2875 4837 ed.
2904 4784 3188 4836 vossi-nne
3236 4784 3313 4845 (Τ.
3354 4786 3453 4835 und
3492 4782 3777 4853 Lygdamus
3816 4782 3939 4833 nach
3976 4782 4143 4832 Hand-

735 4872 982 4926 sehrifteu
1023 4874 1358 4938 berichtiget,
1399 4874 1551 4935 1811)
1587 4888 1666 4937 pg.
1697 4874 1825 4935 442,
1871 4872 1946 4923 ed.
1986 4869 2712 4939 fleynio-Wunderlichisuse
2748 4886 2793 4937 p.
2820 4869 2867 4921 11
2900 4886 2981 4937 pg.
3009 4871 3135 4934 274,
3180 4872 3257 4922 ed.
3298 4871 3647 4922 Huschkiauae
3684 4886 3763 4937 pg.
3787 4868 3915 4933 4383
3972 4884 4140 4935 quam-

736 4977 880 5029 quam
918 4961 1092 5014 vossii
1129 4962 1472 5028 manuscripta
1511 4970 1657 5011 caute
1693 4960 1973 5012 adhibenda
2011 4974 2127 5010 esse
2165 4966 2308 5011 recte
2343 4964 2514 5008 monet
2553 4957 2887 5009 Baehrensius
2924 4973 3001 5025 pg.
3029 4958 3112 5011 61.

1023 5050 1062 5109 ⁴)
1121 5048 1524 5116 Discrepantiam
1561 5064 1688 5113 quse
1726 5054 1806 5099 est
1841 5048 1980 5099 inter
2017 5047 2146 5098 ‘hoc’
2183 5054 2236 5097 et
2272 5044 2399 5097 ‘bec’
2436 5044 2627 5095 nullius
2664 5046 2899 5096 momenti
2937 5060 3050 5097 esse
3088 5052 3305 5097 constat.

1023 5138 1064 5202 ι)
1117 5136 1206 5202 11,
1227 5138 1274 5189 5.
1297 5138 1384 5201 253
1411 5136 1460 5201 3,
1482 5138 1540 5197 4;
1567 5134 1616 5198 9,
1639 5134 1864 5199 403111,
1885 5135 1978 5197 673
2006 5135 2053 5199 5,
2073 5132 2328 5199 9831112,
2349 5131 2531 5195 2431v
2554 5133 2715 5197 5,16;
2742 5140 3009 5199 praeterea
3029 5130 3201 5195 01:11,
3222 5130 3469 5195 4331114,
3488 5130 3739 5195 6531v1,
3758 5130 4141 5183 40.112.112a.
