<?xml version="1.0" encoding="UTF-8"?>
<!DOCTYPE html PUBLIC "-//W3C//DTD XHTML 1.0 Transitional//EN"
    "http://www.w3.org/TR/xhtml1/DTD/xhtml1-transitional.dtd">
<html xmlns="http://www.w3.org/1999/xhtml" xml:lang="en" lang="en">
 <head>
  <title>
</title>
<meta http-equiv="Content-Type" content="text/html;charset=utf-8" />
  <meta name='ocr-system' content='tesseract 3.04.00' />
  <meta name='ocr-capabilities' content='ocr_page ocr_carea ocr_par ocr_line ocrx_word'/>
</head>
<body>
  <div class='ocr_page' id='page_1' title='image "./quaestionestibu00bellgoog_0006.png"; bbox 0 0 4709 5675; ppageno 0'>
   <div class='ocr_carea' id='block_1_1' title="bbox 2970 1641 3775 1710">
    <p class='ocr_par' dir='ltr' id='par_1_1' title="bbox 2970 1641 3775 1710">
     <span class='ocr_line' id='line_1_1' title="bbox 2970 1641 3775 1710; baseline 0.002 -14"><span class='ocrx_word' id='word_1_1' title='bbox 2970 1641 3392 1710; x_wconf 73' lang='lat' dir='ltr'>Laclrunous</span> <span class='ocrx_word' id='word_1_2' title='bbox 3428 1645 3775 1700; x_wconf 65' lang='lat' dir='ltr'>nanctus!</span> 
     </span>
    </p>
   </div>
   <div class='ocr_carea' id='block_1_2' title="bbox 566 1943 3981 4422">
    <p class='ocr_par' dir='ltr' id='par_1_2' title="bbox 567 1943 3978 2732">
     <span class='ocr_line' id='line_1_2' title="bbox 853 1943 3973 2061; baseline -0.001 -23"><span class='ocrx_word' id='word_1_3' title='bbox 853 1943 988 2040; x_wconf 83' lang='lat' dir='ltr'>Ad</span> <span class='ocrx_word' id='word_1_4' title='bbox 1036 1975 1316 2056; x_wconf 85' lang='lat' dir='ltr'>Lygdami</span> <span class='ocrx_word' id='word_1_5' title='bbox 1363 1993 1598 2036; x_wconf 83' lang='lat' dir='ltr'>versum</span> <span class='ocrx_word' id='word_1_6' title='bbox 1646 1974 1816 2049; x_wconf 83' lang='lat'>1112,</span> <span class='ocrx_word' id='word_1_7' title='bbox 1849 1976 1886 2035; x_wconf 88' lang='grc'>5</span> <span class='ocrx_word' id='word_1_8' title='bbox 1934 1977 2082 2051; x_wconf 91' lang='lat' dir='ltr'>(uon</span> <span class='ocrx_word' id='word_1_9' title='bbox 2128 1991 2238 2052; x_wconf 85' lang='lat' dir='ltr'>ego</span> <span class='ocrx_word' id='word_1_10' title='bbox 2285 1972 2490 2034; x_wconf 84' lang='lat' dir='ltr'>firmus</span> <span class='ocrx_word' id='word_1_11' title='bbox 2550 1954 2610 2034; x_wconf 90' lang='lat' dir='ltr'>in</span> <span class='ocrx_word' id='word_1_12' title='bbox 2657 1973 2799 2047; x_wconf 82' lang='lat' dir='ltr'>hoc,</span> <span class='ocrx_word' id='word_1_13' title='bbox 2862 1991 2986 2036; x_wconf 91' lang='lat' dir='ltr'>non</span> <span class='ocrx_word' id='word_1_14' title='bbox 3044 1974 3187 2036; x_wconf 87' lang='lat' dir='ltr'>haec</span> <span class='ocrx_word' id='word_1_15' title='bbox 3230 1974 3513 2054; x_wconf 86' lang='lat' dir='ltr'>patientia</span> <span class='ocrx_word' id='word_1_16' title='bbox 3558 1983 3764 2037; x_wconf 88' lang='lat' dir='ltr'>nostro</span> <span class='ocrx_word' id='word_1_17' title='bbox 3808 1973 3836 2061; x_wconf 81' lang='grc' dir='ltr'>ΙΙ</span> <span class='ocrx_word' id='word_1_18' title='bbox 3874 1976 3973 2036; x_wconf 83' lang='grc' dir='ltr'>ἰη-</span> 
     </span>
     <span class='ocr_line' id='line_1_3' title="bbox 569 2069 3975 2171; baseline 0 -19"><span class='ocrx_word' id='word_1_19' title='bbox 569 2090 766 2171; x_wconf 82' lang='lat' dir='ltr'>genio)</span> <span class='ocrx_word' id='word_1_20' title='bbox 827 2089 1241 2150; x_wconf 86' lang='lat' dir='ltr'>Lachmannus</span> <span class='ocrx_word' id='word_1_21' title='bbox 1309 2087 1638 2149; x_wconf 80' lang='lat' dir='ltr'><strong>adnotavit:</strong></span> <span class='ocrx_word' id='word_1_22' title='bbox 1709 2087 1848 2149; x_wconf 85' lang='lat' dir='ltr'>baec</span> <span class='ocrx_word' id='word_1_23' title='bbox 1904 2069 2185 2167; x_wconf 84' lang='lat' dir='ltr'>patientia</span> <span class='ocrx_word' id='word_1_24' title='bbox 2247 2095 2453 2147; x_wconf 87' lang='lat' dir='ltr'>nostro</span> <span class='ocrx_word' id='word_1_25' title='bbox 2516 2085 2707 2147; x_wconf 78' lang='lat' dir='ltr'><strong>ABG.</strong></span> <span class='ocrx_word' id='word_1_26' title='bbox 2795 2085 2863 2146; x_wconf 91' lang='lat' dir='ltr'>ln</span> <span class='ocrx_word' id='word_1_27' title='bbox 2921 2086 3216 2148; x_wconf 81' lang='lat' dir='ltr'><strong>codicibus</strong></span> <span class='ocrx_word' id='word_1_28' title='bbox 3271 2073 3407 2149; x_wconf 86' lang='lat' dir='ltr'>cde</span> <span class='ocrx_word' id='word_1_29' title='bbox 3467 2087 3643 2150; x_wconf 84' lang='lat' dir='ltr'>‘baec</span> <span class='ocrx_word' id='word_1_30' title='bbox 3698 2090 3975 2170; x_wconf 81' lang='lat' dir='ltr'>patientia</span> 
     </span>
     <span class='ocr_line' id='line_1_4' title="bbox 569 2197 3975 2281; baseline 0 -17"><span class='ocrx_word' id='word_1_31' title='bbox 569 2201 794 2264; x_wconf 89' lang='lat' dir='ltr'>nostro’</span> <span class='ocrx_word' id='word_1_32' title='bbox 839 2202 1128 2281; x_wconf 88' lang='lat' dir='ltr'>scriptum</span> <span class='ocrx_word' id='word_1_33' title='bbox 1175 2219 1305 2262; x_wconf 84' lang='lat' dir='ltr'>esse</span> <span class='ocrx_word' id='word_1_34' title='bbox 1351 2207 1606 2262; x_wconf 86' lang='lat' dir='ltr'>constat.</span> <span class='ocrx_word' id='word_1_35' title='bbox 1703 2199 1818 2261; x_wconf 90' lang='lat' dir='ltr'>Sed</span> <span class='ocrx_word' id='word_1_36' title='bbox 1866 2200 1928 2261; x_wconf 90' lang='lat' dir='ltr'>in</span> <span class='ocrx_word' id='word_1_37' title='bbox 1975 2198 2262 2278; x_wconf 82' lang='lat' dir='ltr'>excerptis</span> <span class='ocrx_word' id='word_1_38' title='bbox 2308 2197 2421 2259; x_wconf 89' lang='lat' dir='ltr'>illis</span> <span class='ocrx_word' id='word_1_39' title='bbox 2470 2197 2802 2260; x_wconf 86' lang='lat' dir='ltr'>Heinsianis</span> <span class='ocrx_word' id='word_1_40' title='bbox 2842 2199 2915 2275; x_wconf 88' lang='lat' dir='ltr'>(A</span> <span class='ocrx_word' id='word_1_41' title='bbox 2944 2198 3117 2279; x_wconf 83' lang='lat' dir='ltr'>=y)‚</span> <span class='ocrx_word' id='word_1_42' title='bbox 3172 2218 3321 2280; x_wconf 88' lang='lat' dir='ltr'>quae</span> <span class='ocrx_word' id='word_1_43' title='bbox 3364 2200 3491 2280; x_wconf 89' lang='lat' dir='ltr'>ipse</span> <span class='ocrx_word' id='word_1_44' title='bbox 3534 2201 3786 2281; x_wconf 79' lang='lat' dir='ltr'>inspexi,</span> <span class='ocrx_word' id='word_1_45' title='bbox 3830 2203 3975 2265; x_wconf 89' lang='lat' dir='ltr'>nihil</span> 
     </span>
     <span class='ocr_line' id='line_1_5' title="bbox 569 2309 3978 2403; baseline 0.001 -27"><span class='ocrx_word' id='word_1_46' title='bbox 569 2317 643 2376; x_wconf 90' lang='lat' dir='ltr'>de</span> <span class='ocrx_word' id='word_1_47' title='bbox 686 2315 800 2376; x_wconf 90' lang='lat' dir='ltr'>hoc</span> <span class='ocrx_word' id='word_1_48' title='bbox 845 2331 1016 2375; x_wconf 84' lang='lat' dir='ltr'>versu</span> <span class='ocrx_word' id='word_1_49' title='bbox 1063 2312 1348 2386; x_wconf 75' lang='lat' dir='ltr'>traditur:</span> <span class='ocrx_word' id='word_1_50' title='bbox 1394 2313 1455 2374; x_wconf 89' lang='lat' dir='ltr'>in</span> <span class='ocrx_word' id='word_1_51' title='bbox 1485 2311 1697 2375; x_wconf 83' lang='lat' dir='ltr'>Mureti</span> <span class='ocrx_word' id='word_1_52' title='bbox 1735 2312 1992 2374; x_wconf 80' lang='lat' dir='ltr'>editione</span> <span class='ocrx_word' id='word_1_53' title='bbox 2038 2313 2207 2373; x_wconf 82' lang='lat' dir='ltr'>‘haec</span> <span class='ocrx_word' id='word_1_54' title='bbox 2249 2309 2529 2391; x_wconf 86' lang='lat' dir='ltr'>patientia</span> <span class='ocrx_word' id='word_1_55' title='bbox 2578 2310 2804 2372; x_wconf 84' lang='lat' dir='ltr'>nostro’</span> <span class='ocrx_word' id='word_1_56' title='bbox 2849 2312 3003 2392; x_wconf 84' lang='lat' dir='ltr'>typis</span> <span class='ocrx_word' id='word_1_57' title='bbox 3048 2311 3405 2392; x_wconf 88' lang='lat' dir='ltr'>impressum</span> <span class='ocrx_word' id='word_1_58' title='bbox 3452 2323 3560 2375; x_wconf 87' lang='lat' dir='ltr'>est.</span> <span class='ocrx_word' id='word_1_59' title='bbox 3630 2313 3788 2403; x_wconf 25' lang='lat' dir='ltr'>Cum·</span> <span class='ocrx_word' id='word_1_60' title='bbox 3824 2315 3978 2378; x_wconf 88' lang='lat' dir='ltr'>hanc</span> 
     </span>
     <span class='ocr_line' id='line_1_6' title="bbox 567 2423 3973 2507; baseline 0 -18"><span class='ocrx_word' id='word_1_61' title='bbox 567 2426 915 2507; x_wconf 83' lang='lat' dir='ltr'>scripturam</span> <span class='ocrx_word' id='word_1_62' title='bbox 963 2433 1207 2500; x_wconf 82' lang='lat' dir='ltr'>rectam,</span> <span class='ocrx_word' id='word_1_63' title='bbox 1255 2425 1528 2488; x_wconf 81' lang='lat' dir='ltr'>editionis</span> <span class='ocrx_word' id='word_1_64' title='bbox 1571 2425 1876 2505; x_wconf 83' lang='lat' dir='ltr'>Regiensis</span> <span class='ocrx_word' id='word_1_65' title='bbox 1923 2423 2272 2504; x_wconf 81' lang='lat' dir='ltr'>scripturam</span> <span class='ocrx_word' id='word_1_66' title='bbox 2322 2424 2457 2484; x_wconf 86' lang='lat' dir='ltr'>‘hoc</span> <span class='ocrx_word' id='word_1_67' title='bbox 2500 2423 2792 2503; x_wconf 84' lang='lat' dir='ltr'>patiemur</span> <span class='ocrx_word' id='word_1_68' title='bbox 2830 2432 2891 2485; x_wconf 86' lang='lat' dir='ltr'>et</span> <span class='ocrx_word' id='word_1_69' title='bbox 2918 2424 3127 2504; x_wconf 82' lang='lat' dir='ltr'>aequo’</span> <span class='ocrx_word' id='word_1_70' title='bbox 3157 2441 3393 2505; x_wconf 86' lang='lat' dir='ltr'>pravam</span> <span class='ocrx_word' id='word_1_71' title='bbox 3426 2443 3557 2488; x_wconf 89' lang='lat' dir='ltr'>esse</span> <span class='ocrx_word' id='word_1_72' title='bbox 3590 2427 3973 2490; x_wconf 85' lang='lat' dir='ltr'>manifestum</span> 
     </span>
     <span class='ocr_line' id='line_1_7' title="bbox 571 2535 3975 2620; baseline 0.001 -20"><span class='ocrx_word' id='word_1_73' title='bbox 571 2546 749 2612; x_wconf 91' lang='lat' dir='ltr'>esset,</span> <span class='ocrx_word' id='word_1_74' title='bbox 795 2539 920 2600; x_wconf 87' lang='lat' dir='ltr'>fieri</span> <span class='ocrx_word' id='word_1_75' title='bbox 964 2539 1173 2618; x_wconf 90' lang='lat' dir='ltr'>potuit,</span> <span class='ocrx_word' id='word_1_76' title='bbox 1236 2548 1299 2600; x_wconf 85' lang='lat' dir='ltr'>ut</span> <span class='ocrx_word' id='word_1_77' title='bbox 1343 2538 1623 2601; x_wconf 88' lang='lat' dir='ltr'>Heinsius</span> <span class='ocrx_word' id='word_1_78' title='bbox 1671 2539 1782 2600; x_wconf 87' lang='lat' dir='ltr'>hoc</span> <span class='ocrx_word' id='word_1_79' title='bbox 1825 2555 2066 2618; x_wconf 88' lang='lat' dir='ltr'>quoque</span> <span class='ocrx_word' id='word_1_80' title='bbox 2111 2536 2238 2598; x_wconf 95' lang='lat' dir='ltr'>loco</span> <span class='ocrx_word' id='word_1_81' title='bbox 2257 2535 2306 2616; x_wconf 91' lang='lat'>¹)</span> <span class='ocrx_word' id='word_1_82' title='bbox 2351 2535 2663 2598; x_wconf 86' lang='lat' dir='ltr'>lectionem</span> <span class='ocrx_word' id='word_1_83' title='bbox 2722 2536 2939 2598; x_wconf 88' lang='lat' dir='ltr'>codicis</span> <span class='ocrx_word' id='word_1_84' title='bbox 2983 2535 3374 2600; x_wconf 87' lang='lat' dir='ltr'>Eboracensis</span> <span class='ocrx_word' id='word_1_85' title='bbox 3422 2557 3454 2600; x_wconf 93' lang='lat' dir='ltr'>a</span> <span class='ocrx_word' id='word_1_86' title='bbox 3498 2557 3607 2600; x_wconf 88' lang='lat' dir='ltr'>suo</span> <span class='ocrx_word' id='word_1_87' title='bbox 3652 2540 3975 2620; x_wconf 83' lang='lat' dir='ltr'>exemplari</span> 
     </span>
     <span class='ocr_line' id='line_1_8' title="bbox 571 2648 3867 2732; baseline 0.001 -20"><span class='ocrx_word' id='word_1_88' title='bbox 571 2652 1005 2732; x_wconf 81' lang='lat' dir='ltr'>discrepantem</span> <span class='ocrx_word' id='word_1_89' title='bbox 1055 2659 1262 2713; x_wconf 89' lang='lat' dir='ltr'>notare</span> <span class='ocrx_word' id='word_1_90' title='bbox 1307 2651 1741 2732; x_wconf 86' lang='lat' dir='ltr'>supersederet.</span> <span class='ocrx_word' id='word_1_91' title='bbox 1832 2651 2052 2731; x_wconf 86' lang='lat' dir='ltr'>ltaque,</span> <span class='ocrx_word' id='word_1_92' title='bbox 2101 2649 2240 2730; x_wconf 89' lang='lat' dir='ltr'>quid</span> <span class='ocrx_word' id='word_1_93' title='bbox 2287 2649 2347 2710; x_wconf 92' lang='lat' dir='ltr'>in</span> <span class='ocrx_word' id='word_1_94' title='bbox 2395 2648 2594 2711; x_wconf 90' lang='lat' dir='ltr'>codice</span> <span class='ocrx_word' id='word_1_95' title='bbox 2636 2668 2673 2730; x_wconf 73' lang='lat' dir='ltr'>y</span> <span class='ocrx_word' id='word_1_96' title='bbox 2716 2648 3001 2730; x_wconf 86' lang='lat' dir='ltr'>scriptum</span> <span class='ocrx_word' id='word_1_97' title='bbox 3050 2649 3248 2723; x_wconf 78' lang='lat' dir='ltr'>fuerit,</span> <span class='ocrx_word' id='word_1_98' title='bbox 3296 2668 3505 2732; x_wconf 90' lang='lat' dir='ltr'>parum</span> <span class='ocrx_word' id='word_1_99' title='bbox 3552 2651 3867 2732; x_wconf 86' lang='lat' dir='ltr'>constat¹).</span> 
     </span>
    </p>

    <p class='ocr_par' dir='ltr' id='par_1_3' title="bbox 566 2747 3981 4422">
     <span class='ocr_line' id='line_1_9' title="bbox 865 2747 3976 2845; baseline 0.001 -20"><span class='ocrx_word' id='word_1_100' title='bbox 865 2763 987 2825; x_wconf 85' lang='lat' dir='ltr'>Iam</span> <span class='ocrx_word' id='word_1_101' title='bbox 1023 2782 1185 2839; x_wconf 80' lang='lat' dir='ltr'>vero,</span> <span class='ocrx_word' id='word_1_102' title='bbox 1230 2765 1390 2845; x_wconf 86' lang='lat' dir='ltr'>quod</span> <span class='ocrx_word' id='word_1_103' title='bbox 1423 2763 1620 2826; x_wconf 90' lang='lat' dir='ltr'>Puccii</span> <span class='ocrx_word' id='word_1_104' title='bbox 1655 2747 1841 2825; x_wconf 85' lang='lat' dir='ltr'>verbis</span> <span class='ocrx_word' id='word_1_105' title='bbox 1888 2762 2050 2825; x_wconf 83' lang='lat' dir='ltr'>‘illud</span> <span class='ocrx_word' id='word_1_106' title='bbox 2093 2780 2212 2824; x_wconf 74' lang='lat' dir='ltr'>non</span> <span class='ocrx_word' id='word_1_107' title='bbox 2253 2762 2391 2824; x_wconf 75' lang='lat' dir='ltr'>haec</span> <span class='ocrx_word' id='word_1_108' title='bbox 2418 2765 2691 2843; x_wconf 76' lang='lat' dir='ltr'>patientia</span> <span class='ocrx_word' id='word_1_109' title='bbox 2732 2771 2927 2825; x_wconf 74' lang='lat' dir='ltr'>nomo</span> <span class='ocrx_word' id='word_1_110' title='bbox 2971 2763 3173 2844; x_wconf 91' lang='lat' dir='ltr'>posuit</span> <span class='ocrx_word' id='word_1_111' title='bbox 3203 2763 3527 2826; x_wconf 86' lang='lat' dir='ltr'>Pontanus&#39;</span> <span class='ocrx_word' id='word_1_112' title='bbox 3558 2763 3976 2828; x_wconf 88' lang='lat' dir='ltr'>Lachmannus</span> 
     </span>
     <span class='ocr_line' id='line_1_10' title="bbox 569 2876 3973 2958; baseline 0 -19"><span class='ocrx_word' id='word_1_113' title='bbox 569 2876 943 2957; x_wconf 88' lang='lat' dir='ltr'>subscripsit:</span> <span class='ocrx_word' id='word_1_114' title='bbox 1015 2879 1134 2938; x_wconf 89' lang='lat' dir='ltr'>‘sed</span> <span class='ocrx_word' id='word_1_115' title='bbox 1195 2877 1425 2939; x_wconf 86' lang='lat' dir='ltr'>codices</span> <span class='ocrx_word' id='word_1_116' title='bbox 1471 2877 1516 2938; x_wconf 85' lang='grc' dir='ltr'>Α</span> <span class='ocrx_word' id='word_1_117' title='bbox 1563 2884 1623 2939; x_wconf 89' lang='lat' dir='ltr'>et</span> <span class='ocrx_word' id='word_1_118' title='bbox 1665 2877 1710 2938; x_wconf 92' lang='lat' dir='ltr'>B</span> <span class='ocrx_word' id='word_1_119' title='bbox 1768 2877 1932 2957; x_wconf 89' lang='lat' dir='ltr'>prius</span> <span class='ocrx_word' id='word_1_120' title='bbox 1986 2894 2163 2957; x_wconf 92' lang='lat' dir='ltr'>quam</span> <span class='ocrx_word' id='word_1_121' title='bbox 2208 2876 2513 2938; x_wconf 81' lang='lat' dir='ltr'>Pomanus</span> <span class='ocrx_word' id='word_1_122' title='bbox 2559 2886 2907 2938; x_wconf 87' lang='lat' dir='ltr'>nasceretur</span> <span class='ocrx_word' id='word_1_123' title='bbox 2965 2877 3170 2958; x_wconf 88' lang='lat' dir='ltr'>scripti</span> <span class='ocrx_word' id='word_1_124' title='bbox 3216 2878 3397 2951; x_wconf 87' lang='lat' dir='ltr'>sunt’‚</span> <span class='ocrx_word' id='word_1_125' title='bbox 3461 2876 3530 2940; x_wconf 91' lang='lat' dir='ltr'>ad</span> <span class='ocrx_word' id='word_1_126' title='bbox 3594 2877 3973 2941; x_wconf 78' lang='lat' dir='ltr'>refellendam</span> 
     </span>
     <span class='ocr_line' id='line_1_11' title="bbox 570 2987 3977 3071; baseline 0.001 -21"><span class='ocrx_word' id='word_1_127' title='bbox 570 2989 766 3051; x_wconf 88' lang='lat' dir='ltr'>Puccii</span> <span class='ocrx_word' id='word_1_128' title='bbox 812 2989 1170 3051; x_wconf 82' lang='lat' dir='ltr'>sententiam</span> <span class='ocrx_word' id='word_1_129' title='bbox 1219 3008 1345 3051; x_wconf 90' lang='lat' dir='ltr'>non</span> <span class='ocrx_word' id='word_1_130' title='bbox 1389 2990 1530 3052; x_wconf 82' lang='lat' dir='ltr'>satis</span> <span class='ocrx_word' id='word_1_131' title='bbox 1577 2990 1750 3053; x_wconf 86' lang='lat' dir='ltr'>valet.</span> <span class='ocrx_word' id='word_1_132' title='bbox 1813 2989 2140 3051; x_wconf 88' lang='lat' dir='ltr'>Nam·cum</span> <span class='ocrx_word' id='word_1_133' title='bbox 2189 2997 2378 3051; x_wconf 87' lang='lat' dir='ltr'>cetera</span> <span class='ocrx_word' id='word_1_134' title='bbox 2425 3006 2575 3068; x_wconf 88' lang='lat' dir='ltr'>quae</span> <span class='ocrx_word' id='word_1_135' title='bbox 2620 2987 2694 3050; x_wconf 91' lang='lat' dir='ltr'>de</span> <span class='ocrx_word' id='word_1_136' title='bbox 2726 2988 2990 3051; x_wconf 87' lang='lat' dir='ltr'>versibus</span> <span class='ocrx_word' id='word_1_137' title='bbox 3034 3008 3063 3049; x_wconf 92' lang='lat' dir='ltr'>a</span> <span class='ocrx_word' id='word_1_138' title='bbox 3099 2989 3369 3052; x_wconf 86' lang='lat' dir='ltr'>Pontano</span> <span class='ocrx_word' id='word_1_139' title='bbox 3403 2991 3693 3071; x_wconf 85' lang='lat' dir='ltr'>suppletis</span> <span class='ocrx_word' id='word_1_140' title='bbox 3724 2991 3977 3054; x_wconf 90' lang='lat' dir='ltr'>Puccius</span> 
     </span>
     <span class='ocr_line' id='line_1_12' title="bbox 569 3100 3977 3182; baseline 0.001 -20"><span class='ocrx_word' id='word_1_141' title='bbox 569 3103 638 3163; x_wconf 90' lang='lat' dir='ltr'>ad</span> <span class='ocrx_word' id='word_1_142' title='bbox 686 3120 892 3163; x_wconf 86' lang='lat' dir='ltr'>versus</span> <span class='ocrx_word' id='word_1_143' title='bbox 937 3102 1051 3173; x_wconf 81' lang='lat'>12,</span> <span class='ocrx_word' id='word_1_144' title='bbox 1083 3100 1193 3177; x_wconf 73' lang='lat'>253</span> <span class='ocrx_word' id='word_1_145' title='bbox 1245 3102 1340 3176; x_wconf 89' lang='lat'>10,</span> <span class='ocrx_word' id='word_1_146' title='bbox 1373 3102 1486 3175; x_wconf 70' lang='lat'>253</span> <span class='ocrx_word' id='word_1_147' title='bbox 1532 3102 1584 3163; x_wconf 88' lang='lat'>11</span> <span class='ocrx_word' id='word_1_148' title='bbox 1614 3102 1672 3177; x_wconf 89' lang='grc'>3,</span> <span class='ocrx_word' id='word_1_149' title='bbox 1708 3102 1850 3163; x_wconf 69' lang='grc'><strong>143.</strong></span> <span class='ocrx_word' id='word_1_150' title='bbox 1885 3102 1966 3163; x_wconf 84' lang='lat'>75</span> <span class='ocrx_word' id='word_1_151' title='bbox 2011 3101 2350 3182; x_wconf 82' lang='lat' dir='ltr'>adscripsit,</span> <span class='ocrx_word' id='word_1_152' title='bbox 2418 3119 2547 3163; x_wconf 83' lang='lat' dir='ltr'>vera</span> <span class='ocrx_word' id='word_1_153' title='bbox 2594 3101 2904 3164; x_wconf 86' lang='lat' dir='ltr'>videantur</span> <span class='ocrx_word' id='word_1_154' title='bbox 2948 3121 3107 3171; x_wconf 89' lang='lat' dir='ltr'>esse,</span> <span class='ocrx_word' id='word_1_155' title='bbox 3175 3103 3287 3165; x_wconf 88' lang='lat' dir='ltr'>hoc</span> <span class='ocrx_word' id='word_1_156' title='bbox 3350 3103 3481 3165; x_wconf 93' lang='lat' dir='ltr'>loco</span> <span class='ocrx_word' id='word_1_157' title='bbox 3551 3122 3685 3166; x_wconf 89' lang='lat' dir='ltr'>eum</span> <span class='ocrx_word' id='word_1_158' title='bbox 3747 3122 3977 3165; x_wconf 86' lang='lat' dir='ltr'>errasse</span> 
     </span>
     <span class='ocr_line' id='line_1_13' title="bbox 566 3212 3979 3297; baseline 0.001 -21"><span class='ocrx_word' id='word_1_159' title='bbox 566 3232 688 3276; x_wconf 91' lang='lat' dir='ltr'>non</span> <span class='ocrx_word' id='word_1_160' title='bbox 737 3213 1066 3293; x_wconf 83' lang='lat' dir='ltr'>credam⁸)‚</span> <span class='ocrx_word' id='word_1_161' title='bbox 1127 3233 1486 3296; x_wconf 84' lang='lat' dir='ltr'>quamquam</span> <span class='ocrx_word' id='word_1_162' title='bbox 1532 3214 1592 3276; x_wconf 89' lang='lat' dir='ltr'>in</span> <span class='ocrx_word' id='word_1_163' title='bbox 1640 3214 1870 3276; x_wconf 88' lang='lat' dir='ltr'>duobus</span> <span class='ocrx_word' id='word_1_164' title='bbox 1915 3221 2075 3276; x_wconf 87' lang='lat' dir='ltr'>certe</span> <span class='ocrx_word' id='word_1_165' title='bbox 2121 3212 2453 3286; x_wconf 81' lang='lat' dir='ltr'>codicibus,</span> <span class='ocrx_word' id='word_1_166' title='bbox 2509 3214 2557 3272; x_wconf 85' lang='lat' dir='ltr'>V</span> <span class='ocrx_word' id='word_1_167' title='bbox 2596 3222 2655 3275; x_wconf 89' lang='lat' dir='ltr'>et</span> <span class='ocrx_word' id='word_1_168' title='bbox 2699 3213 2774 3286; x_wconf 87' lang='grc' dir='ltr'>Β,</span> <span class='ocrx_word' id='word_1_169' title='bbox 2830 3214 2992 3296; x_wconf 88' lang='lat' dir='ltr'>prius</span> <span class='ocrx_word' id='word_1_170' title='bbox 3039 3232 3217 3297; x_wconf 91' lang='lat' dir='ltr'>quam</span> <span class='ocrx_word' id='word_1_171' title='bbox 3264 3214 3574 3278; x_wconf 86' lang='lat' dir='ltr'>Pontanus</span> <span class='ocrx_word' id='word_1_172' title='bbox 3631 3226 3979 3280; x_wconf 84' lang='lat' dir='ltr'>nasceretur</span> 
     </span>
     <span class='ocr_line' id='line_1_14' title="bbox 568 3326 3976 3410; baseline 0.001 -22"><span class='ocrx_word' id='word_1_173' title='bbox 568 3326 802 3407; x_wconf 86' lang='lat' dir='ltr'>scriptis</span> <span class='ocrx_word' id='word_1_174' title='bbox 850 3328 1012 3389; x_wconf 85' lang='lat' dir='ltr'>‘baec</span> <span class='ocrx_word' id='word_1_175' title='bbox 1055 3327 1335 3407; x_wconf 86' lang='lat' dir='ltr'>patientia</span> <span class='ocrx_word' id='word_1_176' title='bbox 1381 3326 1603 3389; x_wconf 88' lang='lat' dir='ltr'>nostro’</span> <span class='ocrx_word' id='word_1_177' title='bbox 1649 3327 1796 3389; x_wconf 85' lang='lat' dir='ltr'>tradi</span> <span class='ocrx_word' id='word_1_178' title='bbox 1845 3345 1966 3389; x_wconf 90' lang='lat' dir='ltr'>non</span> <span class='ocrx_word' id='word_1_179' title='bbox 2012 3326 2238 3407; x_wconf 80' lang='lat' dir='ltr'>ignoro.</span> <span class='ocrx_word' id='word_1_180' title='bbox 2307 3326 2395 3387; x_wconf 78' lang='lat' dir='ltr'>An</span> <span class='ocrx_word' id='word_1_181' title='bbox 2440 3326 2563 3387; x_wconf 82' lang='lat' dir='ltr'>fieri</span> <span class='ocrx_word' id='word_1_182' title='bbox 2610 3344 2729 3388; x_wconf 90' lang='lat' dir='ltr'>non</span> <span class='ocrx_word' id='word_1_183' title='bbox 2778 3328 2989 3407; x_wconf 87' lang='lat' dir='ltr'>potuit,</span> <span class='ocrx_word' id='word_1_184' title='bbox 3037 3335 3106 3389; x_wconf 92' lang='lat' dir='ltr'>ut</span> <span class='ocrx_word' id='word_1_185' title='bbox 3150 3328 3380 3390; x_wconf 90' lang='lat' dir='ltr'>codices</span> <span class='ocrx_word' id='word_1_186' title='bbox 3426 3328 3576 3389; x_wconf 89' lang='lat' dir='ltr'>hanc</span> <span class='ocrx_word' id='word_1_187' title='bbox 3620 3329 3976 3410; x_wconf 88' lang='lat' dir='ltr'>scripturam</span> 
     </span>
     <span class='ocr_line' id='line_1_15' title="bbox 569 3439 3979 3523; baseline 0.001 -22"><span class='ocrx_word' id='word_1_188' title='bbox 569 3440 919 3521; x_wconf 89' lang='lat' dir='ltr'>praebentes</span> <span class='ocrx_word' id='word_1_189' title='bbox 979 3459 1174 3521; x_wconf 91' lang='lat' dir='ltr'>neque</span> <span class='ocrx_word' id='word_1_190' title='bbox 1217 3440 1526 3502; x_wconf 90' lang='lat' dir='ltr'>Pontanus</span> <span class='ocrx_word' id='word_1_191' title='bbox 1586 3458 1777 3521; x_wconf 89' lang='lat' dir='ltr'>neque</span> <span class='ocrx_word' id='word_1_192' title='bbox 1824 3440 2074 3503; x_wconf 88' lang='lat' dir='ltr'>Puccius</span> <span class='ocrx_word' id='word_1_193' title='bbox 2126 3447 2403 3501; x_wconf 86' lang='lat' dir='ltr'>nosceret</span> <span class='ocrx_word' id='word_1_194' title='bbox 2456 3447 2515 3501; x_wconf 92' lang='lat' dir='ltr'>et</span> <span class='ocrx_word' id='word_1_195' title='bbox 2568 3439 2665 3501; x_wconf 92' lang='lat' dir='ltr'>ille</span> <span class='ocrx_word' id='word_1_196' title='bbox 2723 3460 2755 3501; x_wconf 90' lang='lat' dir='ltr'>e</span> <span class='ocrx_word' id='word_1_197' title='bbox 2800 3458 2973 3520; x_wconf 72' lang='lat' dir='ltr'>prava</span> <span class='ocrx_word' id='word_1_198' title='bbox 3020 3459 3195 3521; x_wconf 88' lang='lat' dir='ltr'>quam</span> <span class='ocrx_word' id='word_1_199' title='bbox 3245 3458 3422 3502; x_wconf 88' lang='lat' dir='ltr'>unam</span> <span class='ocrx_word' id='word_1_200' title='bbox 3470 3449 3644 3503; x_wconf 89' lang='lat' dir='ltr'>norat</span> <span class='ocrx_word' id='word_1_201' title='bbox 3688 3442 3979 3523; x_wconf 88' lang='lat' dir='ltr'>scriptura</span> 
     </span>
     <span class='ocr_line' id='line_1_16' title="bbox 568 3534 3977 3634; baseline 0.001 -21"><span class='ocrx_word' id='word_1_202' title='bbox 568 3561 786 3615; x_wconf 88' lang='lat' dir='ltr'>rectam</span> <span class='ocrx_word' id='word_1_203' title='bbox 832 3534 1169 3615; x_wconf 82' lang='lat' dir='ltr'>coniectura</span> <span class='ocrx_word' id='word_1_204' title='bbox 1217 3550 1504 3615; x_wconf 76' lang='lat' dir='ltr'>eliceret?</span> <span class='ocrx_word' id='word_1_205' title='bbox 1590 3554 1668 3615; x_wconf 82' lang='lat' dir='ltr'>Ea</span> <span class='ocrx_word' id='word_1_206' title='bbox 1729 3552 2096 3625; x_wconf 89' lang='lat' dir='ltr'>coniectura,</span> <span class='ocrx_word' id='word_1_207' title='bbox 2163 3553 2285 3614; x_wconf 88' lang='lat' dir='ltr'>sive</span> <span class='ocrx_word' id='word_1_208' title='bbox 2337 3571 2370 3613; x_wconf 89' lang='lat' dir='ltr'>a</span> <span class='ocrx_word' id='word_1_209' title='bbox 2416 3552 2687 3615; x_wconf 86' lang='lat' dir='ltr'>Pontano</span> <span class='ocrx_word' id='word_1_210' title='bbox 2734 3552 2884 3615; x_wconf 78' lang='lat' dir='ltr'>facta</span> <span class='ocrx_word' id='word_1_211' title='bbox 2930 3553 3051 3615; x_wconf 85' lang='lat' dir='ltr'>sive</span> <span class='ocrx_word' id='word_1_212' title='bbox 3096 3572 3125 3614; x_wconf 92' lang='lat' dir='ltr'>a</span> <span class='ocrx_word' id='word_1_213' title='bbox 3174 3552 3418 3627; x_wconf 89' lang='lat' dir='ltr'>Puccio‚</span> <span class='ocrx_word' id='word_1_214' title='bbox 3484 3554 3587 3634; x_wconf 87' lang='lat' dir='ltr'>qui</span> <span class='ocrx_word' id='word_1_215' title='bbox 3632 3554 3712 3615; x_wconf 92' lang='lat' dir='ltr'>illi</span> <span class='ocrx_word' id='word_1_216' title='bbox 3760 3553 3977 3616; x_wconf 88' lang='lat' dir='ltr'>librum</span> 
     </span>
     <span class='ocr_line' id='line_1_17' title="bbox 567 3654 3980 3747; baseline 0.001 -20"><span class='ocrx_word' id='word_1_217' title='bbox 567 3654 1092 3745; x_wconf 75' lang='lat' dir='ltr'>Guelferbytanum</span> <span class='ocrx_word' id='word_1_218' title='bbox 1161 3666 1432 3728; x_wconf 86' lang='lat' dir='ltr'>addicere</span> <span class='ocrx_word' id='word_1_219' title='bbox 1490 3666 1720 3728; x_wconf 87' lang='lat' dir='ltr'>videtur</span> <span class='ocrx_word' id='word_1_220' title='bbox 1737 3666 1823 3741; x_wconf 77' lang='lat'>⁴),</span> <span class='ocrx_word' id='word_1_221' title='bbox 1891 3665 1961 3728; x_wconf 91' lang='lat' dir='ltr'>ad</span> <span class='ocrx_word' id='word_1_222' title='bbox 2017 3665 2350 3727; x_wconf 84' lang='lat' dir='ltr'>Pontanum</span> <span class='ocrx_word' id='word_1_223' title='bbox 2416 3664 2715 3728; x_wconf 86' lang='lat' dir='ltr'>immerito</span> <span class='ocrx_word' id='word_1_224' title='bbox 2772 3666 2949 3728; x_wconf 84' lang='lat' dir='ltr'>relata</span> <span class='ocrx_word' id='word_1_225' title='bbox 3006 3676 3123 3737; x_wconf 90' lang='lat' dir='ltr'>est,</span> <span class='ocrx_word' id='word_1_226' title='bbox 3194 3676 3310 3728; x_wconf 86' lang='lat' dir='ltr'>tam</span> <span class='ocrx_word' id='word_1_227' title='bbox 3358 3668 3690 3728; x_wconf 88' lang='lat' dir='ltr'>necessaria</span> <span class='ocrx_word' id='word_1_228' title='bbox 3737 3676 3980 3747; x_wconf 89' lang='lat' dir='ltr'>tamque</span> 
     </span>
     <span class='ocr_line' id='line_1_18' title="bbox 568 3777 3981 3859; baseline 0.001 -19"><span class='ocrx_word' id='word_1_229' title='bbox 568 3777 750 3840; x_wconf 78' lang='lat' dir='ltr'>facilis</span> <span class='ocrx_word' id='word_1_230' title='bbox 810 3786 961 3853; x_wconf 81' lang='lat' dir='ltr'>erat,</span> <span class='ocrx_word' id='word_1_231' title='bbox 1029 3788 1097 3841; x_wconf 89' lang='lat' dir='ltr'>ut</span> <span class='ocrx_word' id='word_1_232' title='bbox 1157 3796 1281 3840; x_wconf 89' lang='lat' dir='ltr'>non</span> <span class='ocrx_word' id='word_1_233' title='bbox 1341 3779 1446 3852; x_wconf 85' lang='lat' dir='ltr'>sit,</span> <span class='ocrx_word' id='word_1_234' title='bbox 1515 3797 1619 3841; x_wconf 89' lang='lat' dir='ltr'>cur</span> <span class='ocrx_word' id='word_1_235' title='bbox 1673 3797 1794 3841; x_wconf 90' lang='lat' dir='ltr'>non</span> <span class='ocrx_word' id='word_1_236' title='bbox 1841 3778 2150 3841; x_wconf 89' lang='lat' dir='ltr'>credamus</span> <span class='ocrx_word' id='word_1_237' title='bbox 2193 3779 2445 3840; x_wconf 83' lang='lat' dir='ltr'>ean&#39;dem</span> <span class='ocrx_word' id='word_1_238' title='bbox 2491 3788 2664 3841; x_wconf 87' lang='lat' dir='ltr'>antea</span> <span class='ocrx_word' id='word_1_239' title='bbox 2708 3778 2920 3841; x_wconf 78' lang='lat' dir='ltr'>factam</span> <span class='ocrx_word' id='word_1_240' title='bbox 2968 3798 3099 3841; x_wconf 90' lang='lat' dir='ltr'>esse</span> <span class='ocrx_word' id='word_1_241' title='bbox 3145 3799 3173 3840; x_wconf 87' lang='lat' dir='ltr'>a</span> <span class='ocrx_word' id='word_1_242' title='bbox 3222 3778 3437 3841; x_wconf 91' lang='lat' dir='ltr'>codicis</span> <span class='ocrx_word' id='word_1_243' title='bbox 3483 3778 3531 3836; x_wconf 85' lang='lat' dir='ltr'>V</span> <span class='ocrx_word' id='word_1_244' title='bbox 3572 3778 3874 3859; x_wconf 81' lang='lat' dir='ltr'>librario⁶)</span> <span class='ocrx_word' id='word_1_245' title='bbox 3919 3786 3981 3842; x_wconf 91' lang='lat' dir='ltr'>et</span> 
     </span>
     <span class='ocr_line' id='line_1_19' title="bbox 568 3890 3979 3972; baseline 0 -21"><span class='ocrx_word' id='word_1_246' title='bbox 568 3890 707 3952; x_wconf 90' lang='lat' dir='ltr'>inde</span> <span class='ocrx_word' id='word_1_247' title='bbox 751 3890 812 3953; x_wconf 90' lang='lat' dir='ltr'>in</span> <span class='ocrx_word' id='word_1_248' title='bbox 859 3891 1116 3953; x_wconf 90' lang='lat' dir='ltr'>codicem</span> <span class='ocrx_word' id='word_1_249' title='bbox 1164 3892 1209 3952; x_wconf 91' lang='lat' dir='ltr'><strong>B</strong></span> <span class='ocrx_word' id='word_1_250' title='bbox 1252 3891 1595 3953; x_wconf 86' lang='lat' dir='ltr'>translatam</span> <span class='ocrx_word' id='word_1_251' title='bbox 1641 3910 1791 3964; x_wconf 83' lang='lat' dir='ltr'>esse,</span> <span class='ocrx_word' id='word_1_252' title='bbox 1836 3891 1989 3953; x_wconf 89' lang='lat' dir='ltr'>sicut</span> <span class='ocrx_word' id='word_1_253' title='bbox 2031 3892 2095 3952; x_wconf 91' lang='lat' dir='ltr'>in</span> <span class='ocrx_word' id='word_1_254' title='bbox 2139 3890 2354 3952; x_wconf 89' lang='lat' dir='ltr'>librum</span> <span class='ocrx_word' id='word_1_255' title='bbox 2390 3890 2845 3953; x_wconf 78' lang='lat' dir='ltr'>Ambrosianum</span> <span class='ocrx_word' id='word_1_256' title='bbox 2896 3901 3096 3972; x_wconf 86' lang='lat' dir='ltr'>postea</span> <span class='ocrx_word' id='word_1_257' title='bbox 3142 3892 3421 3953; x_wconf 82' lang='lat' dir='ltr'>translata</span> <span class='ocrx_word' id='word_1_258' title='bbox 3468 3900 3576 3953; x_wconf 87' lang='lat' dir='ltr'>est.</span> <span class='ocrx_word' id='word_1_259' title='bbox 3646 3891 3791 3952; x_wconf 88' lang='lat' dir='ltr'>Nam</span> <span class='ocrx_word' id='word_1_260' title='bbox 3840 3910 3979 3953; x_wconf 84' lang='lat' dir='ltr'>cave</span> 
     </span>
     <span class='ocr_line' id='line_1_20' title="bbox 573 4003 3981 4085; baseline 0.001 -22"><span class='ocrx_word' id='word_1_261' title='bbox 573 4021 642 4063; x_wconf 84' lang='lat' dir='ltr'>ex</span> <span class='ocrx_word' id='word_1_262' title='bbox 686 4003 887 4065; x_wconf 87' lang='lat' dir='ltr'>Hilleri</span> <span class='ocrx_word' id='word_1_263' title='bbox 935 4003 1169 4066; x_wconf 89' lang='lat' dir='ltr'>silentio</span> <span class='ocrx_word' id='word_1_264' title='bbox 1215 4004 1450 4084; x_wconf 83' lang='lat' dir='ltr'>colligas</span> <span class='ocrx_word' id='word_1_265' title='bbox 1497 4004 1558 4065; x_wconf 91' lang='lat' dir='ltr'>in</span> <span class='ocrx_word' id='word_1_266' title='bbox 1605 4004 1806 4066; x_wconf 90' lang='lat' dir='ltr'>codice</span> <span class='ocrx_word' id='word_1_267' title='bbox 1851 4006 1896 4065; x_wconf 88' lang='lat' dir='ltr'><strong>A</strong></span> <span class='ocrx_word' id='word_1_268' title='bbox 1950 4005 2097 4067; x_wconf 91' lang='lat' dir='ltr'>haec</span> <span class='ocrx_word' id='word_1_269' title='bbox 2153 4003 2432 4084; x_wconf 89' lang='lat' dir='ltr'>primitus</span> <span class='ocrx_word' id='word_1_270' title='bbox 2476 4003 2695 4084; x_wconf 83' lang='lat' dir='ltr'>scripta</span> <span class='ocrx_word' id='word_1_271' title='bbox 2739 4003 2934 4067; x_wconf 84' lang='lat' dir='ltr'>fuisse.</span> <span class='ocrx_word' id='word_1_272' title='bbox 3026 4004 3197 4067; x_wconf 87' lang='lat' dir='ltr'>Nunc</span> <span class='ocrx_word' id='word_1_273' title='bbox 3262 4004 3325 4065; x_wconf 89' lang='lat' dir='ltr'>in</span> <span class='ocrx_word' id='word_1_274' title='bbox 3391 4023 3462 4066; x_wconf 93' lang='lat' dir='ltr'>eo</span> <span class='ocrx_word' id='word_1_275' title='bbox 3532 4004 3819 4085; x_wconf 90' lang='lat' dir='ltr'>scriptum</span> <span class='ocrx_word' id='word_1_276' title='bbox 3890 4012 3981 4066; x_wconf 86' lang='lat' dir='ltr'>est</span> 
     </span>
     <span class='ocr_line' id='line_1_21' title="bbox 573 4114 3981 4199; baseline 0.001 -24"><span class='ocrx_word' id='word_1_277' title='bbox 573 4114 701 4177; x_wconf 89' lang='lat' dir='ltr'>‘hec</span> <span class='ocrx_word' id='word_1_278' title='bbox 744 4116 1018 4197; x_wconf 85' lang='lat' dir='ltr'>patientia</span> <span class='ocrx_word' id='word_1_279' title='bbox 1065 4115 1194 4179; x_wconf 86' lang='lat' dir='ltr'>nro’</span> <span class='ocrx_word' id='word_1_280' title='bbox 1240 4117 1643 4199; x_wconf 88' lang='lat' dir='ltr'>suprascripto</span> <span class='ocrx_word' id='word_1_281' title='bbox 1699 4117 1928 4181; x_wconf 86' lang='lat' dir='ltr'>litterae</span> <span class='ocrx_word' id='word_1_282' title='bbox 1971 4135 2004 4177; x_wconf 87' lang='lat' dir='ltr'>r</span> <span class='ocrx_word' id='word_1_283' title='bbox 2045 4117 2213 4195; x_wconf 84' lang='lat' dir='ltr'>signo</span> <span class='ocrx_word' id='word_1_284' title='bbox 2273 4116 2626 4197; x_wconf 90' lang='lat' dir='ltr'>compendii.</span> <span class='ocrx_word' id='word_1_285' title='bbox 2714 4116 2827 4179; x_wconf 90' lang='lat' dir='ltr'>Sed</span> <span class='ocrx_word' id='word_1_286' title='bbox 2876 4118 2973 4180; x_wconf 87' lang='lat' dir='ltr'>‘tia</span> <span class='ocrx_word' id='word_1_287' title='bbox 3022 4116 3150 4179; x_wconf 86' lang='lat' dir='ltr'>nro&#39;</span> <span class='ocrx_word' id='word_1_288' title='bbox 3196 4116 3309 4179; x_wconf 90' lang='lat' dir='ltr'>alio</span> <span class='ocrx_word' id='word_1_289' title='bbox 3357 4126 3689 4179; x_wconf 87' lang='lat' dir='ltr'>atramento</span> <span class='ocrx_word' id='word_1_290' title='bbox 3748 4116 3981 4198; x_wconf 86' lang='lat' dir='ltr'>aliaque</span> 
     </span>
     <span class='ocr_line' id='line_1_22' title="bbox 573 4214 3981 4311; baseline 0.001 -26"><span class='ocrx_word' id='word_1_291' title='bbox 573 4242 752 4287; x_wconf 88' lang='lat' dir='ltr'>manu</span> <span class='ocrx_word' id='word_1_292' title='bbox 799 4228 1013 4309; x_wconf 87' lang='lat' dir='ltr'>scripta</span> <span class='ocrx_word' id='word_1_293' title='bbox 1060 4240 1223 4301; x_wconf 86' lang='lat' dir='ltr'>sunt,</span> <span class='ocrx_word' id='word_1_294' title='bbox 1273 4230 1370 4292; x_wconf 89' lang='lat' dir='ltr'>‘tia</span> <span class='ocrx_word' id='word_1_295' title='bbox 1419 4228 1476 4291; x_wconf 92' lang='lat' dir='ltr'>n’</span> <span class='ocrx_word' id='word_1_296' title='bbox 1521 4230 1584 4291; x_wconf 91' lang='lat' dir='ltr'>in</span> <span class='ocrx_word' id='word_1_297' title='bbox 1630 4247 1776 4301; x_wconf 82' lang='lat' dir='ltr'>ras.;</span> <span class='ocrx_word' id='word_1_298' title='bbox 1819 4228 1922 4292; x_wconf 88' lang='lat' dir='ltr'>ubi</span> <span class='ocrx_word' id='word_1_299' title='bbox 1968 4248 2130 4291; x_wconf 89' lang='lat' dir='ltr'>nunc</span> <span class='ocrx_word' id='word_1_300' title='bbox 2174 4226 2278 4291; x_wconf 89' lang='lat' dir='ltr'>‘ro’</span> <span class='ocrx_word' id='word_1_301' title='bbox 2322 4236 2430 4302; x_wconf 89' lang='lat' dir='ltr'>est,</span> <span class='ocrx_word' id='word_1_302' title='bbox 2495 4230 2681 4311; x_wconf 88' lang='lat' dir='ltr'>prima</span> <span class='ocrx_word' id='word_1_303' title='bbox 2740 4214 2954 4292; x_wconf 86' lang='lat' dir='ltr'>manus</span> <span class='ocrx_word' id='word_1_304' title='bbox 3011 4229 3155 4291; x_wconf 87' lang='lat' dir='ltr'>nibil</span> <span class='ocrx_word' id='word_1_305' title='bbox 3214 4239 3580 4304; x_wconf 83' lang='lat' dir='ltr'>exaraverat;</span> <span class='ocrx_word' id='word_1_306' title='bbox 3647 4247 3828 4309; x_wconf 88' lang='lat' dir='ltr'>supra</span> <span class='ocrx_word' id='word_1_307' title='bbox 3871 4228 3981 4291; x_wconf 90' lang='lat' dir='ltr'>‘en’</span> 
     </span>
     <span class='ocr_line' id='line_1_23' title="bbox 572 4340 3980 4422; baseline 0.001 -23"><span class='ocrx_word' id='word_1_308' title='bbox 572 4356 812 4419; x_wconf 88' lang='lat' dir='ltr'>quoque</span> <span class='ocrx_word' id='word_1_309' title='bbox 855 4340 1076 4403; x_wconf 86' lang='lat' dir='ltr'>litteras</span> <span class='ocrx_word' id='word_1_310' title='bbox 1121 4360 1365 4404; x_wconf 88' lang='lat' dir='ltr'>rasurae</span> <span class='ocrx_word' id='word_1_311' title='bbox 1412 4342 1653 4422; x_wconf 83' lang='lat' dir='ltr'>vestigia</span> <span class='ocrx_word' id='word_1_312' title='bbox 1700 4350 1960 4413; x_wconf 85' lang='lat' dir='ltr'>exstant,</span> <span class='ocrx_word' id='word_1_313' title='bbox 2022 4343 2172 4404; x_wconf 76' lang='lat' dir='ltr'>infra</span> <span class='ocrx_word' id='word_1_314' title='bbox 2221 4357 2459 4402; x_wconf 83' lang='lat' dir='ltr'>versum</span> <span class='ocrx_word' id='word_1_315' title='bbox 2520 4361 2715 4406; x_wconf 89' lang='lat' dir='ltr'>rasum</span> <span class='ocrx_word' id='word_1_316' title='bbox 2772 4362 2894 4406; x_wconf 91' lang='lat' dir='ltr'>non</span> <span class='ocrx_word' id='word_1_317' title='bbox 2942 4350 3051 4404; x_wconf 91' lang='lat' dir='ltr'>est.</span> <span class='ocrx_word' id='word_1_318' title='bbox 3140 4340 3307 4414; x_wconf 89' lang='lat' dir='ltr'>Quod</span> <span class='ocrx_word' id='word_1_319' title='bbox 3363 4342 3542 4421; x_wconf 83' lang='lat' dir='ltr'>igitur</span> <span class='ocrx_word' id='word_1_320' title='bbox 3586 4340 3980 4403; x_wconf 88' lang='lat' dir='ltr'>Baehrensius</span> 
     </span>
    </p>
   </div>
   <div class='ocr_carea' id='block_1_3' title="bbox 579 4480 1004 4489">
    <p class='ocr_par' dir='ltr' id='par_1_4' title="bbox 579 4480 1004 4489">
     <span class='ocr_line' id='line_1_24' title="bbox 579 4480 1004 4489; baseline 0 1186"><span class='ocrx_word' id='word_1_321' title='bbox 579 4480 1004 4489; x_wconf 95' lang='lat' dir='ltr'> </span> 
     </span>
    </p>
   </div>
   <div class='ocr_carea' id='block_1_4' title="bbox 579 4537 3985 4703">
    <p class='ocr_par' dir='ltr' id='par_1_5' title="bbox 579 4537 3985 4703">
     <span class='ocr_line' id='line_1_25' title="bbox 860 4537 3985 4618; baseline 0.001 -19"><span class='ocrx_word' id='word_1_322' title='bbox 860 4537 904 4613; x_wconf 57' lang='grc' dir='ltr'>ι’)</span> <span class='ocrx_word' id='word_1_323' title='bbox 957 4546 1033 4600; x_wconf 80' lang='lat' dir='ltr'>cf.</span> <span class='ocrx_word' id='word_1_324' title='bbox 1071 4540 1356 4615; x_wconf 81' lang='lat' dir='ltr'>Rothstein,</span> <span class='ocrx_word' id='word_1_325' title='bbox 1415 4552 1484 4604; x_wconf 87' lang='lat' dir='ltr'>De</span> <span class='ocrx_word' id='word_1_326' title='bbox 1521 4551 1717 4603; x_wconf 82' lang='lat' dir='ltr'>Tibulli</span> <span class='ocrx_word' id='word_1_327' title='bbox 1762 4552 2043 4614; x_wconf 82' lang='lat' dir='ltr'>codicibus,</span> <span class='ocrx_word' id='word_1_328' title='bbox 2097 4567 2175 4618; x_wconf 79' lang='lat' dir='ltr'>pg.</span> <span class='ocrx_word' id='word_1_329' title='bbox 2211 4550 2308 4615; x_wconf 73' lang='lat'>393</span> <span class='ocrx_word' id='word_1_330' title='bbox 2366 4552 2422 4603; x_wconf 81' lang='grc' dir='ltr'>Η.</span> <span class='ocrx_word' id='word_1_331' title='bbox 2458 4552 2691 4617; x_wconf 72' lang='lat' dir='ltr'>Magnus,</span> <span class='ocrx_word' id='word_1_332' title='bbox 2746 4553 3129 4604; x_wconf 75' lang='lat' dir='ltr'>anresbericht</span> <span class='ocrx_word' id='word_1_333' title='bbox 3184 4548 3267 4603; x_wconf 79' lang='lat' dir='ltr'>fiir</span> <span class='ocrx_word' id='word_1_334' title='bbox 3308 4542 3985 4603; x_wconf 73' lang='lat' dir='ltr'>Alterthumswiusensehnrt</span> 
     </span>
     <span class='ocr_line' id='line_1_26' title="bbox 579 4634 1065 4703; baseline -0.004 -16"><span class='ocrx_word' id='word_1_335' title='bbox 579 4636 724 4701; x_wconf 83' lang='lat'><strong>1887,</strong></span> <span class='ocrx_word' id='word_1_336' title='bbox 759 4634 805 4687; x_wconf 85' lang='grc' dir='ltr'>Π</span> <span class='ocrx_word' id='word_1_337' title='bbox 839 4648 920 4703; x_wconf 72' lang='lat' dir='ltr'>pg.</span> <span class='ocrx_word' id='word_1_338' title='bbox 949 4634 1065 4686; x_wconf 88' lang='grc'><strong>329.</strong></span> 
     </span>
    </p>
   </div>
   <div class='ocr_carea' id='block_1_5' title="bbox 571 4720 3985 5052">
    <p class='ocr_par' dir='ltr' id='par_1_6' title="bbox 861 4720 2129 4790">
     <span class='ocr_line' id='line_1_27' title="bbox 861 4720 2129 4790; baseline 0.002 -15"><span class='ocrx_word' id='word_1_339' title='bbox 861 4722 904 4787; x_wconf 81' lang='lat'>¹)</span> <span class='ocrx_word' id='word_1_340' title='bbox 963 4720 1060 4786; x_wconf 67' lang='lat' dir='ltr'>Cf„</span> <span class='ocrx_word' id='word_1_341' title='bbox 1096 4738 1224 4790; x_wconf 72' lang='lat' dir='ltr'>quae</span> <span class='ocrx_word' id='word_1_342' title='bbox 1261 4724 1322 4774; x_wconf 91' lang='lat' dir='ltr'>de</span> <span class='ocrx_word' id='word_1_343' title='bbox 1357 4726 1452 4776; x_wconf 88' lang='lat' dir='ltr'>hoc</span> <span class='ocrx_word' id='word_1_344' title='bbox 1488 4726 1664 4777; x_wconf 89' lang='lat' dir='ltr'>codiee</span> <span class='ocrx_word' id='word_1_345' title='bbox 1702 4724 1838 4777; x_wconf 72' lang='lat' dir='ltr'>iufra</span> <span class='ocrx_word' id='word_1_346' title='bbox 1877 4725 2129 4777; x_wconf 85' lang='lat' dir='ltr'>dicentur.</span> 
     </span>
    </p>

    <p class='ocr_par' dir='ltr' id='par_1_7' title="bbox 571 4808 3985 4963">
     <span class='ocr_line' id='line_1_28' title="bbox 857 4808 3985 4879; baseline 0.001 -20"><span class='ocrx_word' id='word_1_347' title='bbox 857 4808 903 4873; x_wconf 77' lang='lat'>³)</span> <span class='ocrx_word' id='word_1_348' title='bbox 960 4810 1300 4861; x_wconf 80' lang='lat' dir='ltr'>Baehrensius</span> <span class='ocrx_word' id='word_1_349' title='bbox 1336 4826 1531 4879; x_wconf 85' lang='lat' dir='ltr'>quoque</span> <span class='ocrx_word' id='word_1_350' title='bbox 1568 4810 1912 4873; x_wconf 88' lang='lat' dir='ltr'>(Tibullische</span> <span class='ocrx_word' id='word_1_351' title='bbox 1948 4812 2162 4877; x_wconf 82' lang='lat' dir='ltr'>Bliitter,</span> <span class='ocrx_word' id='word_1_352' title='bbox 2204 4810 2352 4877; x_wconf 84' lang='lat'><strong>1876,</strong></span> <span class='ocrx_word' id='word_1_353' title='bbox 2390 4826 2469 4879; x_wconf 71' lang='lat' dir='ltr'>ps.</span> <span class='ocrx_word' id='word_1_354' title='bbox 2494 4812 2583 4877; x_wconf 85' lang='lat'>61)</span> <span class='ocrx_word' id='word_1_355' title='bbox 2618 4814 2772 4864; x_wconf 83' lang='lat' dir='ltr'>dicit:</span> <span class='ocrx_word' id='word_1_356' title='bbox 2820 4814 2967 4865; x_wconf 84' lang='lat' dir='ltr'>‘Eine</span> <span class='ocrx_word' id='word_1_357' title='bbox 3004 4813 3329 4876; x_wconf 78' lang='lat' dir='ltr'>Erinneruug</span> <span class='ocrx_word' id='word_1_358' title='bbox 3364 4814 3535 4877; x_wconf 72' lang='lat' dir='ltr'>daran,</span> <span class='ocrx_word' id='word_1_359' title='bbox 3571 4812 3681 4862; x_wconf 77' lang='lat' dir='ltr'>dul&#39;s</span> <span class='ocrx_word' id='word_1_360' title='bbox 3717 4809 3985 4878; x_wconf 71' lang='lat' dir='ltr'>‘patientia</span> 
     </span>
     <span class='ocr_line' id='line_1_29' title="bbox 571 4896 2716 4963; baseline 0.002 -18"><span class='ocrx_word' id='word_1_361' title='bbox 571 4896 766 4948; x_wconf 83' lang='lat' dir='ltr'>uostro’</span> <span class='ocrx_word' id='word_1_362' title='bbox 803 4897 1137 4963; x_wconf 85' lang='lat' dir='ltr'>interpolirte</span> <span class='ocrx_word' id='word_1_363' title='bbox 1179 4896 1362 4948; x_wconf 69' lang='lat' dir='ltr'>Les-rt</span> <span class='ocrx_word' id='word_1_364' title='bbox 1397 4898 1486 4961; x_wconf 84' lang='lat' dir='ltr'>ist,</span> <span class='ocrx_word' id='word_1_365' title='bbox 1522 4898 1654 4963; x_wconf 74' lang='lat' dir='ltr'>liegt</span> <span class='ocrx_word' id='word_1_366' title='bbox 1688 4898 1967 4951; x_wconf 84' lang='lat' dir='ltr'>sicherlich</span> <span class='ocrx_word' id='word_1_367' title='bbox 2004 4900 2054 4949; x_wconf 85' lang='lat' dir='ltr'>in</span> <span class='ocrx_word' id='word_1_368' title='bbox 2094 4900 2183 4949; x_wconf 86' lang='lat' dir='ltr'>des</span> <span class='ocrx_word' id='word_1_369' title='bbox 2223 4896 2435 4949; x_wconf 79' lang='lat' dir='ltr'>Paccius</span> <span class='ocrx_word' id='word_1_370' title='bbox 2465 4897 2716 4950; x_wconf 85' lang='lat' dir='ltr'>Worten&#39;.</span> 
     </span>
    </p>

    <p class='ocr_par' dir='ltr' id='par_1_8' title="bbox 864 4982 2018 5052">
     <span class='ocr_line' id='line_1_30' title="bbox 864 4982 2018 5052; baseline 0.004 -20"><span class='ocrx_word' id='word_1_371' title='bbox 864 4984 905 5045; x_wconf 80' lang='lat'>⁴)</span> <span class='ocrx_word' id='word_1_372' title='bbox 962 4982 1036 5033; x_wconf 77' lang='lat' dir='ltr'>Cf.</span> <span class='ocrx_word' id='word_1_373' title='bbox 1079 4984 1353 5036; x_wconf 71' lang='lat' dir='ltr'>Baehreusi</span> <span class='ocrx_word' id='word_1_374' title='bbox 1391 4986 1782 5052; x_wconf 74' lang='lat' dir='ltr'>prolegomenou</span> <span class='ocrx_word' id='word_1_375' title='bbox 1823 5000 1898 5051; x_wconf 81' lang='lat' dir='ltr'>pg.</span> <span class='ocrx_word' id='word_1_376' title='bbox 1929 4984 2018 5037; x_wconf 88' lang='lat' dir='ltr'>XI.</span> 
     </span>
    </p>
   </div>
   <div class='ocr_carea' id='block_1_6' title="bbox 575 5068 3985 5224">
    <p class='ocr_par' dir='ltr' id='par_1_9' title="bbox 575 5068 3985 5224">
     <span class='ocr_line' id='line_1_31' title="bbox 856 5068 3985 5141; baseline 0 -22"><span class='ocrx_word' id='word_1_377' title='bbox 856 5068 901 5131; x_wconf 76' lang='lat'>⁸)</span> <span class='ocrx_word' id='word_1_378' title='bbox 956 5070 1002 5120; x_wconf 82' lang='lat' dir='ltr'>si</span> <span class='ocrx_word' id='word_1_379' title='bbox 1038 5072 1184 5122; x_wconf 89' lang='lat' dir='ltr'>modo</span> <span class='ocrx_word' id='word_1_380' title='bbox 1221 5073 1284 5122; x_wconf 71' lang='lat' dir='ltr'>ab</span> <span class='ocrx_word' id='word_1_381' title='bbox 1320 5088 1380 5123; x_wconf 90' lang='lat' dir='ltr'>eo</span> <span class='ocrx_word' id='word_1_382' title='bbox 1421 5070 1558 5122; x_wconf 75' lang='lat' dir='ltr'>factu</span> <span class='ocrx_word' id='word_1_383' title='bbox 1595 5078 1702 5137; x_wconf 66' lang='grc' dir='ltr'>σείς</span> <span class='ocrx_word' id='word_1_384' title='bbox 1753 5086 1864 5122; x_wconf 77' lang='lat' dir='ltr'>nam</span> <span class='ocrx_word' id='word_1_385' title='bbox 1903 5088 2012 5123; x_wconf 87' lang='lat' dir='ltr'>cum</span> <span class='ocrx_word' id='word_1_386' title='bbox 2051 5074 2160 5141; x_wconf 83' lang='lat' dir='ltr'>ipse</span> <span class='ocrx_word' id='word_1_387' title='bbox 2196 5072 2387 5126; x_wconf 81' lang='lat' dir='ltr'>librum</span> <span class='ocrx_word' id='word_1_388' title='bbox 2414 5072 2710 5124; x_wconf 72' lang='lat' dir='ltr'>Vaticanum</span> <span class='ocrx_word' id='word_1_389' title='bbox 2750 5075 2964 5124; x_wconf 84' lang='lat' dir='ltr'>noudum</span> <span class='ocrx_word' id='word_1_390' title='bbox 3002 5072 3330 5141; x_wconf 82' lang='lat' dir='ltr'>inspexerim,</span> <span class='ocrx_word' id='word_1_391' title='bbox 3371 5072 3545 5122; x_wconf 87' lang='lat' dir='ltr'>dubito</span> <span class='ocrx_word' id='word_1_392' title='bbox 3580 5086 3643 5121; x_wconf 73' lang='lat' dir='ltr'>nn</span> <span class='ocrx_word' id='word_1_393' title='bbox 3682 5071 3754 5121; x_wconf 86' lang='lat' dir='ltr'>ibi</span> <span class='ocrx_word' id='word_1_394' title='bbox 3792 5084 3985 5137; x_wconf 85' lang='lat' dir='ltr'>quoque</span> 
     </span>
     <span class='ocr_line' id='line_1_32' title="bbox 575 5150 1824 5224; baseline 0.01 -25"><span class='ocrx_word' id='word_1_395' title='bbox 575 5150 723 5217; x_wconf 79' lang='lat' dir='ltr'>paulo</span> <span class='ocrx_word' id='word_1_396' title='bbox 762 5152 920 5205; x_wconf 72' lang='lat' dir='ltr'>aliter</span> <span class='ocrx_word' id='word_1_397' title='bbox 954 5162 1109 5224; x_wconf 71' lang='lat' dir='ltr'>atque</span> <span class='ocrx_word' id='word_1_398' title='bbox 1145 5160 1372 5210; x_wconf 71' lang='lat' dir='ltr'>traditur</span> <span class='ocrx_word' id='word_1_399' title='bbox 1407 5172 1495 5209; x_wconf 81' lang='lat' dir='ltr'>res</span> <span class='ocrx_word' id='word_1_400' title='bbox 1535 5173 1593 5209; x_wconf 78' lang='lat' dir='ltr'>se</span> <span class='ocrx_word' id='word_1_401' title='bbox 1625 5158 1824 5211; x_wconf 80' lang='lat' dir='ltr'>babeat.</span> 
     </span>
    </p>
   </div>
   <div class='ocr_carea' id='block_1_7' title="bbox 3502 5244 3567 5304">
    <p class='ocr_par' dir='ltr' id='par_1_10' title="bbox 3502 5244 3567 5304">
     <span class='ocr_line' id='line_1_33' title="bbox 3502 5244 3567 5304; baseline 0 -27"><span class='ocrx_word' id='word_1_402' title='bbox 3502 5244 3567 5304; x_wconf 64' lang='grc'>1*</span> 
     </span>
    </p>
   </div>
  </div>
 </body>
</html>
