4709 5675
2263 307 2675 370 ...14-

779 485 1134 546 sententiam
1168 485 1478 566 explanare
1512 485 1668 548 velit.
1727 485 1870 546 Nam
1917 484 1967 546 si
2019 483 2146 545 ‘hic'
2194 485 2651 566 interpretamur
2697 487 2825 548 ‘hoc
2866 485 3034 557 loco’‚
3081 486 3227 548 mihi
3272 488 3513 567 quidem
3560 489 3931 554 difficultates
3976 493 4175 572 augeri

776 599 974 679 potius
1019 617 1192 679 quam
1243 598 1430 660 minui
1477 598 1770 660 videntur.

1062 709 1247 784 ‘1115‚
1284 712 1350 771 11
1407 711 1481 772 ist
1525 712 1628 772 der
1667 710 1954 779 Versuch‚
2016 711 2117 772 d‘as
2169 711 2275 772 der
2319 697 2766 790 Uberlieferung
2810 731 2904 772 am
2953 713 3237 774 nachsten
3284 714 3566 775 stehende
3610 716 3925 794 sacrilegos
3971 737 4173 799 aegros

777 843 848 884 zu
914 823 1144 894 balten,
1211 824 1360 884 wohl
1427 823 1809 902 misslungen.
1913 822 2018 883 Die
2073 823 2449 903 Verbindung
2515 824 2620 896 ist,
2692 843 2859 886 wenn
2932 825 3270 905 uberhaupt
3332 827 3668 898 lateinisch,
3736 831 3942 907 gewiss
4010 831 4175 892 nicht

775 935 1095 997 Tibullisch
1142 936 1260 998 und
1308 936 1408 997 das
1453 936 1728 997 Pradikat
1771 936 2127 998 admovimus
2171 939 2327 1016 passt
2372 937 2538 998 nicht
2582 936 2765 998 dazu'.
2856 937 3011 1000 Haec
3055 938 3298 1018 Magnus
3345 942 3464 1020 (pg.
3501 938 3706 1013 1549).
3796 939 3918 1018 Ego
3963 962 4176 1023 quam-

776 1067 954 1130 quam
1000 1047 1174 1110 verba
1217 1048 1543 1129 antiquitus
1591 1058 1862 1132 corrupta
1911 1069 2042 1111 esse
2087 1069 2260 1130 posse
2306 1067 2429 1111 non
2474 1069 2645 1128 nego,
2690 1050 3042 1130 scripturam
3076 1070 3210 1112 cum
3245 1051 3545 1113 codicibus
3576 1071 3764 1132 paene
3794 1055 4170 1116 consentien-

777 1173 918 1237 tem,
961 1172 1222 1225 ceterum
1272 1181 1345 1223 ne
1392 1161 1534 1222 mihi
1580 1162 1817 1242 quidem
1867 1180 2218 1244 magnopere
2265 1163 2595 1243 placentem
2643 1164 2714 1224 de
2756 1182 2929 1225 causa
2977 1164 3035 1224 in
3080 1164 3227 1244 prol.
3260 1163 3569 1246 pg.89sq.
3608 1167 3872 1246 exposita
3910 1168 4173 1246 vulgatae

775 1279 1145 1339 coniecturae
1189 1283 1492 1356 praestare
1539 1275 1829 1336 existimo.
1891 1275 2256 1336 Adiectivum
2305 1275 2461 1356 quod
2512 1283 2601 1336 est
2647 1274 2844 1353 ‘aegri'
2890 1293 2998 1355 pro
3030 1276 3399 1338 substantivo
3429 1288 3781 1358 usurpatum
3814 1297 3847 1338 a
3880 1277 4171 1359 Lygdamo

775 1425 858 1435 —-
903 1406 1096 1470 neque
1157 1389 1314 1450 enim
1370 1390 1441 1450 de
1489 1387 1702 1449 Tibulli
1749 1387 1944 1449 verbis
1991 1388 2185 1466 agitur
2226 1423 2311 1433 —
2355 1388 2621 1450 excusari
2668 1407 2841 1468 posse
2889 1388 3033 1450 mihi
3078 1389 3309 1451 videtur
3354 1391 3721 1470 comparanti
3764 1410 3899 1452 cum
3947 1390 4061 1452 Cic.
4105 1393 4175 1453 de

776 1504 1020 1564 deorum
1068 1473 1372 1564 naturali
1416 1502 1475 1570 4,
1515 1501 1654 1578 12¹)
1699 1510 1759 1561 et
1818 1502 1889 1562 de
1936 1501 2048 1560 div.
2094 1499 2146 1561 11
2186 1499 2243 1572 3,
2287 1499 2391 1580 9²)
2447 1510 2575 1562 tum
2619 1501 2834 1563 Tibulli
2882 1519 3117 1563 versum
3162 1501 3189 1562 1
3229 1503 3279 1572 1,
3312 1499 3475 1579 39⁸).
3565 1502 3929 1565 Admovendi
3980 1511 4176 1564 autem

777 1615 1018 1676 verbum
1070 1616 1141 1677 de
1183 1614 1396 1693 aegris,
1439 1612 1540 1693 qui
1587 1631 1720 1675 cum
1766 1633 1831 1675 se
1877 1612 1990 1693 ipsi
2039 1631 2272 1676 movere
2317 1631 2439 1675 non
2486 1613 2719 1694 possint
2762 1613 2835 1674 ab
2881 1613 3007 1675 aliis
3052 1615 3445 1676 admoventur
3487 1615 3725 1696 templis
3763 1625 3829 1677 ut
3859 1616 3983 1678 loca
4016 1634 4181 1678 sacra

775 1727 1124 1810 corporibus
1167 1727 1480 1806 attingant,
1526 1745 1556 1787 a
1602 1725 1898 1806 Lygdamo
1945 1727 2220 1805 usurpari
2267 1726 2533 1807 potuisse
2577 1727 2853 1806 equidem
2899 1727 3098 1788 credo.

1059 1840 1357 1913 Quoniam
1407 1857 1507 1900 eos
1555 1839 1627 1900 de
1671 1839 1886 1920 quibus
1933 1837 2047 1910 Cr.,
2093 1837 2359 1918 Magnus,
2404 1838 2717 1900 Rotbstein
2765 1838 2829 1900 in
2874 1839 2988 1902 illis
3034 1840 3305 1902 censuris
3353 1858 3501 1902 nova
3556 1841 3932 1920 protulerunt
3978 1859 4181 1902 versus

774 1954 1226 2032 recognovimus
1273 1970 1502 2022 omnem
1550 1952 1666 2013 iam
1714 1959 2100 2032 conspectum
2147 1952 2441 2032 quendam
2475 1969 2876 2032 proponamus
2907 1969 3115 2015 eorum
3148 1951 3435 2024 locorum,
3481 1952 3697 2033 quibus
3729 1953 3946 2014 codicis
3976 1953 4183 2015 arche-

775 2067 897 2148 typi
941 2063 1245 2128 librarium
1291 2065 1754 2145 interpolantem
1802 2064 2192 2144 deprendisse
2237 2063 2527 2126 videmur.

1063 2181 1143 2240 Ac
1189 2178 1443 2260 primum
1490 2177 1730 2259 quidem
1778 2196 1848 2240 ex
1893 2177 2101 2239 ordine
2147 2177 2509 2239 enumerabo
2554 2196 2655 2239 eos
2699 2195 2907 2240 versus
2951 2195 3099 2257 quos
3144 2177 3205 2239 in
3260 2177 3477 2239 codicis
3524 2187 3547 2238 t
3603 2177 3947 2259 paginarum
4014 2197 4178 2240 com-

779 2291 1046 2354 missuris
1092 2292 1346 2372 scriptos
1396 2290 1566 2352 variis
1612 2291 1839 2352 casibus
1885 2291 1963 2351 ita
2009 2290 2096 2351 vel
2144 2297 2451 2352 truncatos
2499 2291 2583 2352 vel
2630 2291 2931 2353 mutilatus
2976 2309 3107 2352 esse
3157 2297 3332 2370 puto,
3394 2298 3460 2351 ut
3520 2289 3791 2352 librarius
3851 2291 4109 2352 codicem
4154 2298 4180 2351 t

777 2405 1115 2467 describens
1159 2404 1600 2484 interpolatoris
1646 2403 1908 2465 officium
1954 2401 2256 2483 suscipere
2295 2401 2685 2482 cogeretur-⁴).
2777 2402 3026 2483 Scripsit
3070 2403 3279 2481 igitur:

1318 2555 1433 2631 13,
1467 2556 1575 2617 50:
1663 2574 1827 2618 nunc
1870 2574 2033 2616 mare
2079 2574 2240 2618 nunc
2284 2555 2387 2618 leti
2424 2555 2581 2618 mille
2622 2566 2851 2636 repente
2894 2557 3081 2631 viae⁶)

1375 2669 1434 2744 4,
1467 2668 1576 2729 44:
1663 2678 1970 2730 veniturum
2013 2669 2389 2749 annuntiat⁸)
2435 2669 2702 2764 imbrifer
2746 2687 2917 2731 arcus
2962 2688 3173 2750 aquam

1376 2782 1435 2855 4,
1467 2781 1578 2844 59:
1667 2787 1788 2844 iam
1833 2781 1959 2862 ια’)
2004 2783 2103 2864 qui
2153 2802 2429 2845 venerem
2476 2783 2731 2847 docuisti
2778 2783 3033 2846 vendere
3078 2781 3307 2863 primus

1377 2896 1437 2968 5,
1471 2893 1580 2957 33:
1670 2906 1724 2957 ct
1764 2906 1988 2958 tantum
2029 2906 2308 2957 venerata
2349 2899 2541 2957 virum
2584 2896 2747 2957 hunc
2788 2896 2988 2960 sedula
3038 2905 3206 2957 curet

1377 3009 1435 3081 5,
1467 3008 1578 3069 47:
1666 3008 1814 3069 haec
1856 3027 2109 3069 nocuere
2155 3008 2298 3069 mihi
2346 3008 2496 3090 quod
2538 3010 2695 3071 adest
2736 3007 2865 3070 huic
2910 3010 3066 3071 dives
3110 3018 3337 3071 amator

1379 3120 1436 3193 6,
1470 3120 1579 3180 42:
1667 3132 1770 3183 stet
1804 3121 2016 3201 procul
2058 3132 2161 3183 aut
2203 3120 2324 3182 alia
2370 3130 2487 3182 stet
2532 3122 2734 3201 procul
2783 3129 2919 3182 ante
2968 3123 3054 3183 via

1377 3232 1436 3306 6,
1469 3232 1577 3294 72:
1664 3237 1948 3296 immerito
1981 3240 2237 3314 propriis
2280 3235 2698 3316 proripiorque
2742 3236 2861 3297 vias

1379 3346 1437 3419 7,
1471 3344 1580 3407 56:
1670 3356 1878 3426 augeat
1921 3358 1974 3407 et
2017 3352 2172 3408 circa
2215 3358 2320 3409 stet
2363 3349 2695 3410 veneranda
2735 3366 2924 3409 senem

1297 3457 1349 3518 11
1385 3461 1440 3528 1,
1472 3458 1580 3520 58:
1673 3458 1790 3520 dux
1835 3460 2066 3539 pecoris
2109 3459 2302 3523 hircus
2345 3470 2597 3523 numerat
2646 3460 2840 3522 hircus
2883 3477 3012 3522 oves

1377 3568 1435 3640 2,
1467 3571 1577 3631 21:
1662 3571 1752 3633 hic
1794 3574 1985 3634 veniat
2025 3572 2238 3635 natalis
2280 3578 2407 3636 avis
2451 3575 2799 3655 prolemque
2844 3572 3145 3634 ministret

1379 3682 1437 3745 3.
1469 3682 1576 3745 34:
1669 3684 1920 3765 imperat
1963 3697 2030 3747 ut
2070 3696 2270 3749 nostra
2311 3691 2426 3748 sint
2468 3698 2571 3749 tua
2613 3698 2805 3749 castra
2847 3688 3011 3749 domo

1378 3794 1438 3867 3,
1470 3796 1581 3858 61:
1668 3806 1730 3858 at
1774 3797 1880 3858 tibi
1927 3799 2074 3861 dura
2118 3818 2277 3879 scqes
2325 3799 2623 3860 Nemesim
2674 3804 2782 3879 qui
2821 3798 3061 3861 abducis
3104 3798 3176 3859 ab
3224 3798 3369 3860 urbe

1376 3910 1435 3982 4,
1467 3906 1576 3970 37:
1665 3909 1808 3970 hinc
1851 3910 2024 3972 fletus
2069 3911 2343 3992 rixaeque
2391 3921 2609 3973 sonant
2651 3912 2787 3974 haec
2833 3912 3065 3993 denique
3110 3930 3286 3973 causa

1660 4022 1800 4101 fecit
1840 4032 1908 4084 ut
1949 4023 2187 4102 infamis
2229 4023 2317 4085 hic
2361 4024 2499 4085 deus
2544 4037 2681 4088 esset
2724 4024 2900 4085 Amor

1379 4134 1438 4207 5,
1512 4134 1578 4193 4:
1672 4154 1833 4197 nunc
1877 4156 2088 4217 precor
2131 4138 2204 4198 ad
2249 4137 2456 4198 laudes
2501 4136 2739 4198 flectere
2783 4137 2958 4199 verba
3000 4155 3157 4198 meas

1061 4345 1103 4410 ¹)
1154 4342 1249 4396 ‘Ne
1285 4344 1431 4409 aegri
1469 4344 1665 4410 quidem
1701 4346 1815 4411 quin
1852 4362 1952 4395 non
1991 4360 2164 4397 omnes
2204 4347 2589 4412 convalescunt,
2627 4347 2823 4398 ideirco
2860 4363 2946 4397 ars
2985 4346 3125 4397 nulla
3162 4346 3441 4398 medicinae
3477 4345 3593 4397 est!

1063 4430 1105 4496 ²)
1158 4431 1378 4482 ‘Etenim
1413 4430 1474 4483 sd
1511 4445 1695 4496 aegros
1733 4448 1831 4483 non
1871 4439 2016 4483 vetes
2052 4438 2142 4483 sut
2177 4432 2421 4498 hariolos,
2459 4433 2549 4483 sed
2586 4432 2811 4483 medicos
2846 4434 3071 4484 solemus
3108 4432 3395 4485 adducere!

1062 4518 1106 4583 ⁸)
1159 4517 1390 4569 ‘Fictilia
1426 4519 1730 4585 antiquus
1764 4521 1981 4587 primum
2018 4519 2118 4570 sibi
2153 4517 2278 4570 feeit
2314 4522 2608 4584 agrestis
2646 4520 2862 4587 pocula!

1059 4606 1103 4671 ⁴)
1156 4604 1352 4656 Versus
1397 4604 1418 4655 l
1455 4606 1512 4671 2,
1547 4606 1638 4671 25;
1692 4614 2062 4673 pentametrum
2106 4612 2161 4657 et
2204 4606 2553 4658 hexametrum
2609 4615 2727 4674 post
2769 4604 2906 4669 110,
2932 4608 3027 4669 253
3080 4604 3205 4669 113,
3232 4607 3295 4656 75
3335 4607 3385 4657 in
3425 4606 3617 4657 codicis
3652 4613 3677 4657 t
3721 4605 4015 4672 paginarum
4052 4618 4191 4653 com-

775 4692 1012 4743 missuris
1059 4693 1281 4759 scriptos
1327 4693 1568 4744 interisse
1612 4694 1780 4744 credo.
1853 4694 2006 4745 Certe
2051 4694 2095 4744 si
2141 4708 2236 4759 qua
2284 4701 2591 4760 supererant
2625 4708 2799 4745 eornm
2839 4694 3082 4759 vestigia,
3135 4694 3402 4759 archetypi
3438 4694 3660 4746 librario
3697 4708 3797 4743 non
3834 4689 4079 4754 contigit,
4136 4697 4195 4739 nt

776 4792 960 4829 versus
999 4780 1293 4831 conficeret.

1061 4866 1102 4931 ⁶)
1155 4867 1294 4932 Quae
1331 4864 1393 4915 ab
1430 4882 1510 4932 eo,
1547 4882 1645 4917 non
1681 4881 1712 4916 n
1746 4866 1954 4918 Tibullo
1991 4868 2186 4934 scripta
2223 4883 2336 4919 esse
2372 4868 2619 4933 suspicor,
2655 4883 2714 4919 es
2754 4868 2891 4936 typis
2928 4866 3233 4935 proclinatis
3270 4867 3601 4932 imprimenda
3637 4864 3838 4915 curavi.

1059 4954 1102 5019 ⁸)
1156 4954 1268 5005 sivo
1301 4956 1562 5003 ammittat
1597 4951 1683 5017 (cf.
1719 4952 1824 5004 Leo
1863 4971 1942 5021 pg.
1972 4955 2071 5017 18).
3936 5014 3942 5023 ,

1059 5041 1101 5102 ἵ)
1155 5041 1292 5092 Haec
1326 5043 1487 5092 verba
1523 5056 1636 5091 cum
1672 5056 1856 5092 versus
1893 5042 2106 5093 minoris
2143 5048 2411 5093 structura
2444 5056 2667 5107 pugnare
2705 5057 2803 5090 non
2839 5043 3000 5106 magis
3048 5042 3143 5091 ille
3182 5041 3314 5092 vidit
3358 5054 3503 5105 quam
3554 5037 3710 5088 verba
3770 5037 3821 5088 in
3871 5053 3919 5086 v.
3960 5032 4000 5085 11
4040 5034 4089 5098 3,
4126 5036 4193 5085 34

777 5127 1086 5193 interpolata
1123 5128 1184 5178 sd
1225 5128 1336 5177 eins
1372 5127 1585 5179 distichi
1623 5127 1892 5177 exordium
1931 5144 2026 5177 uon
2065 5127 2316 5193 quadrare
2353 5124 2440 5191 (cf.
2479 5128 2611 5193 prol.
2650 5144 2728 5193 pg.
2756 5127 2859 5192 41).
