4709 5675
2023 338 2461 403 *13-

531 518 834 603 genetrice
882 536 1004 581 non
1049 528 1244 599 potest
1289 516 1438 591 fieri,
1485 516 1627 578 nihil
1674 517 1895 597 patitur
1939 520 2044 581 dea
2090 520 2233 599 ipsa,
2293 538 2470 599 quam
2518 519 2672 580 sicut
2714 516 3007 579 Bacchum
3052 518 3263 579 eodem
3308 526 3485 598 atque
3532 536 3598 577 se
3642 516 3843 578 animo
3890 516 3951 577 in

533 634 800 697 Nemesis
843 640 1176 693 amatorem
1219 648 1351 691 esse
1383 630 1880 711 devotionemque
1913 651 2078 693 suam
2112 632 2359 712 exsequi
2392 642 2562 711 poeta
2596 602 2784 709 lingit.
2846 632 2935 691 An
2968 629 3145 691 Ceres
3190 648 3325 691 cum
3372 629 3489 691 filia
3534 630 3748 692 amissa
3796 634 3947 691 ‘arva

535 748 708 810 iussit
734 746 934 807 tallere
964 742 1300 824 depositum
1331 742 1642 824 vitiataque
1677 747 1904 805 semina
1937 742 2096 805 fecit’
2113 743 2182 822 ¹),
2214 744 2270 804 id
2303 742 2441 823 egit,
2476 752 2542 805 ut
2570 742 2683 805 sibi
2714 743 2839 824 ipsa
2874 743 3091 804 malum
3126 739 3413 804 adderet?
3456 744 3647 823 Atque
3678 742 3949 803 universa

537 859 750 941 aliquid
811 855 1072 939 patiendi
1133 855 1333 928 notio,
1394 873 1544 936 quae
1603 856 1675 917 ab
1738 855 2160 936 interpretibus
2222 855 2479 919 infertur
2538 875 2733 937 neque
2796 854 2983 916 verbis
3030 854 3323 935 subest²)‚
3383 856 3454 916 ab
3500 855 3783 916 hocloco
3830 872 3949 915 non

537 973 736 1033 minus
793 970 1072 1031 abhorret
1129 987 1306 1049 quam
1361 967 1528 1031 notio
1583 968 1838 1049 aliquem
1892 970 2177 1049 puniendi
2223 970 2367 1031 item
2414 968 2489 1031 ab
2532 968 2960 1049 interpretibus
3004 968 3186 1029 illata:
3258 986 3451 1047 neque
3510 967 3668 1029 enim
3730 977 3799 1029 ut
3854 967 3951 1028 ille

535 1102 720 1165 poena
780 1082 1072 1144 afficiatur
1129 1090 1293 1161 optet
1351 1089 1522 1161 poeta
1583 1081 1900 1160 elegiacuS‚
1959 1081 2062 1143 sed
2121 1100 2198 1143 ne
2256 1091 2409 1143 terra
2470 1082 2670 1161 fruges
2715 1081 2884 1143 ferat.
2973 1080 3177 1143 Totius
3222 1080 3402 1160 igitur
3444 1080 3555 1142 loci
3600 1098 3812 1143 sensus
3858 1090 3951 1142 est

533 1196 656 1259 hic:
715 1196 898 1257 Poeta
945 1195 1004 1256 id
1051 1210 1262 1273 agens,
1316 1212 1396 1255 ne
1440 1194 1670 1273 puellae
1711 1194 2010 1256 formosae
2053 1211 2194 1255 rure
2237 1193 2513 1275 agrisque
2556 1192 2875 1267 abdentur,
2931 1193 3179 1254 devovet
3226 1202 3286 1253 et
3331 1212 3498 1271 agros
3543 1201 3603 1253 et
3648 1212 3815 1267 uvas,
3876 1212 3950 1254 ne

533 1320 638 1371 aut
683 1316 840 1369 terra
886 1306 1110 1368 semina
1157 1306 1411 1368 fideliter
1455 1308 1753 1386 persolvat
1796 1315 1897 1368 aut
1941 1308 2103 1369 lacus
2150 1316 2344 1369 musta
2392 1306 2651 1386 capiant;
2697 1306 2850 1368 sicut
2892 1315 3092 1367 autem
3138 1316 3294 1366 terra
3343 1305 3543 1384 fruges
3588 1324 3714 1367 nou
3742 1306 3860 1368 fert
3899 1305 3950 1367 si

533 1421 720 1483 Ceres
764 1438 892 1481 eam
938 1419 1176 1492 deserit,
1220 1418 1302 1480 ita
1350 1418 1510 1480 lacus
1555 1419 1718 1480 vacui
1763 1428 1904 1480 sunt
1949 1417 2000 1479 si
2045 1418 2310 1481 Bacchus
2355 1438 2456 1481 eos
2501 1418 2784 1499 relinquit
2830 1418 2932 1499 (cf.
2976 1418 3127 1499 prol.
3174 1436 3268 1498 pg.
3300 1416 3377 1478 61
3418 1418 3617 1480 adnot.
3650 1416 3739 1489 2).

827 1530 948 1593 lam
993 1530 1236 1611 Magnus
1281 1530 1446 1593 dicit:
1491 1532 1676 1593 ‘Auch
1724 1532 1828 1593 das
1861 1531 2180 1611 Epitheton
2223 1531 2377 1593 dura
2423 1531 2533 1593 will
2578 1530 2703 1593 sich
2750 1532 2884 1593 dem
2934 1530 3099 1595 nicht
3140 1530 3348 1609 fugent
3395 1531 3542 1592 dura
3574 1530 3747 1593 Ceres
3796 1536 3951 1593 ware

541 1645 664 1723 (die
708 1644 924 1707 Stellen
972 1644 1062 1705 bei
1109 1644 1332 1723 Belling
1361 1644 1417 1705 S.
1443 1644 1526 1705 60
1555 1644 1729 1705 Anm.
1756 1643 1798 1705 6
1841 1644 1974 1705 sind
2021 1662 2164 1723 ganz
2207 1644 2463 1706 anderen·
2492 1646 2598 1705 Art
2644 1644 2765 1705 und
2814 1642 3107 1706 beweisen
3156 1642 3377 1721 nichts)
3421 1642 3519 1705 die
3566 1643 3950 1721 hartheu-sige,

544 1756 958 1819 unerbittliche
1015 1756 1224 1831 Ceres;
1289 1776 1356 1818 so
1423 1756 1584 1817 kann
1643 1756 1728 1817 sie
1787 1756 2070 1819 allenfalls
2131 1758 2195 1817 in
2248 1757 2357 1819 der
2397 1756 2489 1817 bei
2537 1754 2643 1817 Ov.
2694 1766 2833 1819 met.
2866 1756 2911 1815 V
2943 1756 3066 1817 475
3086 1756 3125 1817 ί.
3171 1755 3605 1834 gescbilderten
3652 1756 3949 1818 Situation

541 1868 858 1943 beireen⁸),
925 1869 1094 1931 nicht
1160 1869 1322 1930 hier’.
1413 1868 1578 1941 Mibi,
1648 1877 1714 1930 ut
1771 1870 2136 1947 gravissima·
2162 1870 2431 1949 exempla
2491 1878 2787 1950 repetam,
2855 1868 2929 1931 ab
2974 1870 3216 1931 Horatio
3232 1868 3283 1945 4)
3330 1869 3517 1930 durus
3560 1869 3793 1931 videtur
3838 1869 3951 1930 dici

541 1982 715 2043 bomo
759 1982 890 2043 duri
938 1979 1161 2043 laboris
1206 1980 1467 2061 patiens;
1513 1981 1666 2061 apud
1701 1981 2013 2061 Vergilium
2049 1982 2269 2061 νει-οὓ),
2315 2000 2495 2062 quem
2540 1991 2779 2044 secutus
2826 1989 2918 2045 est
2948 1979 3273 2059 Ovidius⁶)‚
3319 2000 3523 2043 vocem
3572 1980 3795 2043 ‘durus’
3840 1999 3948 2062 pro

537 2104 821 2175 perpetuo
877 2095 1037 2175 quod
1095 2092 1309 2155 dicitur
1353 2093 1615 2174 epitheto
1661 2113 1789 2156 esse
1843 2103 2020 2174 puto,
2085 2103 2154 2156 ut
2195 2093 2559 2174 significetur
2602 2095 2652 2157 is
2698 2094 2801 2175 qui
2844 2095 2907 2155 in
2953 2096 3105 2157 duro
3150 2095 3355 2157 rustici
3401 2114 3582 2175 opere
3627 2103 3949 2174 occupatus

533 2216 622 2269 est
665 2207 848 2288 idque
891 2206 1122 2268 tolerat.
1211 2206 1374 2280 Quae
1421 2208 1584 2267 notio
1630 2207 1700 2267 ad
1748 2207 2020 2269 Cererem
2067 2208 2234 2269 deam
2283 2208 2508 2269 Baccho
2562 2216 2769 2269 tenero
2816 2227 2887 2270 ac
2930 2208 3088 2269 molli
3133 2208 3463 2289 oppositam
3509 2215 3708 2289 potest
3751 2217 3946 2271 trans-

531 2318 700 2389 ferri,
753 2319 888 2399 quia
935 2336 1086 2399 quae
1127 2319 1351 2381 semina
1398 2319 1459 2380 in
1508 2328 1661 2381 terra
1706 2319 2042 2382 condidisse
2087 2320 2328 2397 fingitur
2371 2320 2533 2400 operi
2575 2321 2799 2383 rustico
2843 2321 3135 2383 interfuit.

822 2430 1026 2493 Restat
1091 2431 1330 2492 tertium
1401 2441 1822 2511 argumentum
1889 2448 2013 2493 non
2067 2432 2211 2493 leve.
2302 2432 2451 2495 Dicit
2492 2432 2650 2495 enim
2698 2432 2973 2509 Magnus:
3043 2434 3197 2495 ‘Und
3246 2450 3363 2495 was
3410 2434 3587 2495 heirst
3632 2432 3945 2513 cigentlich

535 2553 698 2605 terra
741 2542 1037 2605 Nemesim
1084 2544 1246 2605 ducit
1288 2543 1359 2606 ab
1407 2541 1593 2606 urbe?
1653 2544 1780 2607 Soll
1823 2556 1972 2607 etwa
2013 2553 2169 2607 terra
2200 2572 2286 2599 =
2314 2564 2453 2607 rura
2500 2543 2673 2608 sein?
2733 2546 2908 2625 (rura
2950 2555 3159 2608 tenent
3200 2546 3475 2627 puellam,
3522 2563 3645 2607 non
3692 2542 3947 2621 terraly.

539 2655 624 2715 Ad
673 2674 738 2715 ea
787 2654 932 2716 haec
975 2654 1162 2717 habeo
1208 2675 1360 2737 quae
1404 2656 1828 2736 respondeam:
1898 2658 1960 2719 Si
2020 2658 2302 2721 scribitur
2362 2658 2479 2720 ‘tibi
2525 2677 2692 2738 seges
2738 2658 2899 2721 nulla
2946 2658 3059 2721 fide
3102 2659 3329 2721 semina
3372 2658 3703 2738 persolvat',
3762 2658 3948 2720 intel-

533 2766 776 2846 legenda
823 2784 946 2829 non
992 2777 1082 2829 est
1127 2768 1320 2830 omnis
1367 2786 1520 2848 quae
1567 2768 1785 2850 ubique
1832 2778 1924 2831 est
1965 2774 2151 2852 seges',
2195 2772 2298 2833 sed
2345 2790 2411 2832 ea
2457 2789 2607 2853 quae
2653 2771 2715 2833 in
2758 2771 2915 2833 illius
2959 2789 3097 2851 agro
3128 2770 3425 2833 Nemesim
3469 2771 3699 2834 tenenti
3730 2779 3838 2844 est,
3884 2779 3951 2832 ut

535 2881 902 2960 devoventur
948 2881 1002 2942 ei
1048 2883 1208 2944 lacus
1253 2881 1469 2962 quibus
1515 2882 1670 2946 illius
1713 2883 1846 2946 vina
1893 2884 2347 2966 excipiuntur7).
2436 2885 2663 2946 Eodem
2708 2885 2905 2958 modo,
2958 2885 3009 2946 si
3054 2886 3364 2948 scribimus
3410 2885 3537 2948 ‘tibi
3584 2895 3742 2949 terra
3794 2885 3945 2948 nulla

534 2993 647 3052 fide
692 2993 921 3056 semina
967 2995 1304 3074 persolvat'‚
1367 3014 1491 3058 non
1536 3005 1627 3058 est
1671 2996 2062 3077 intellegenda
2107 2998 2302 3060 omnis
2349 3016 2501 3078 quae
2548 2997 2769 3079 ubique
2813 2997 3028 3061 colitur
3067 3006 3253 3071 terra,
3314 2999 3414 3060 sed
3461 3017 3527 3060 ea
3574 3006 3765 3060 terrae
3809 3018 3947 3079 pars

535 3125 714 3186 quam
759 3107 854 3168 ille
899 3107 1191 3187 possidet,
1252 3110 1410 3171 illius
1471 3109 1799 3190 praedium.
1889 3109 2095 3191 ltaque
2142 3111 2344 3172 eadem
2393 3122 2571 3182 terra,
2616 3130 2767 3191 quae
2814 3129 2889 3173 ne
2935 3111 3164 3173 semina
3210 3112 3504 3192 persolvat
3548 3119 3711 3191 optat
3756 3120 3947 3192 poeta,

533 3235 656 3279 non
705 3219 880 3280 modo
927 3220 999 3282 ad
1045 3240 1108 3282 se
1155 3221 1348 3283 allexit
1390 3222 1669 3303 puellam,
1717 3223 1818 3284 sed
1866 3222 2045 3285 etiam
2089 3241 2254 3285 nunc
2295 3223 2489 3304 ipsum
2537 3232 2751 3286 tenens
2795 3223 2869 3284 ab
2914 3225 3060 3287 urbe
3104 3241 3211 3285 rus
3256 3225 3472 3286 ducere
3503 3224 3594 3285 vel
3638 3223 3825 3304 pergit
3856 3223 3947 3284 vel

534 3329 770 3406 solet⁸).
829 3333 920 3394 An
967 3333 1246 3414 cuiquam
1292 3335 1500 3397 melius
1545 3334 1812 3397 dicturus
1854 3334 2042 3397 fuisse
2076 3335 2304 3398 videtur
2335 3343 2537 3416 poeta:
2586 3335 2712 3399 ‘tibi
2756 3346 2935 3410 terra,
2981 3335 3118 3416 quia
3165 3354 3301 3398 rura
3336 3336 3639 3398 Nemesim
3684 3336 3756 3398 ab
3804 3336 3947 3398 urbe

496 3443 780 3518 ducunt,
827 3445 1055 3507 semina
1102 3447 1259 3508 nulla
1305 3445 1422 3509 fide
1466 3443 1825 3528 persolvat’?

820 3584 981 3656 ⁴114,
1011 3583 1096 3645 29
1139 3585 1296 3647 halte
1338 3586 1474 3660 ich'‚
1518 3587 1716 3668 inquit
1743 3589 1993 3666 Magnus
2021 3587 2144 3668 (pg.
2173 3587 2384 3664 1548),
2429 3587 2545 3650 ‘die
2567 3587 2775 3651 Worte
2814 3589 2903 3650 liic
2945 3589 3045 3652 dat
3088 3593 3367 3652 avaritiae
3410 3607 3613 3652 causas
3654 3587 3750 3651 fiir
3782 3589 3947 3664 echt3

532 3713 652 3758 nur
697 3697 851 3759 fasse
899 3715 1038 3758 man
1067 3696 1156 3760 hic
1200 3698 1284 3759 als
1317 3699 1586 3760 Adverb’.
1649 3700 1796 3762 Cum
1843 3700 2030 3763 critici
2071 3700 2212 3763 inde
2255 3702 2332 3763 ab
2373 3700 2614 3764 Heinsio
2660 3701 2833 3763 multi
2875 3703 3071 3764 locum
3116 3703 3425 3765 tractarint
3470 3710 3527 3763 et
3574 3702 3943 3763 emendando

532 3825 743 3870 sanare
784 3808 1007 3871 frustra
1054 3809 1254 3872 conati
1297 3811 1444 3884 sint,
1510 3813 1624 3874 boc
1669 3812 1776 3874 viri
1821 3813 1980 3875 docti
2024 3813 2308 3876 iudicium
2353 3815 2701 3894 cognovisse
2740 3813 2931 3888 iuvat;
2996 3815 3100 3878 sed
3162 3816 3297 3878 licet
3354 3835 3587 3896 rogare,
3651 3827 3714 3878 ut
3774 3835 3944 3878 suam

818 4111 860 4172 ι)
912 4107 1068 4162 ovid.
1123 4117 1244 4161 met.
1292 4109 1337 4161 V
1372 4109 1474 4161 479
1493 4126 1596 4177 sq.;
1656 4109 1720 4162 cf.
1768 4127 1818 4161 v.
1853 4112 1955 4162 4⁷4
1976 4127 2079 4178 aq:
2147 4119 2317 4164 terras
2380 4112 2614 4179 increpat
2674 4127 2848 4164 omnes
2908 4113 3238 4181 ingratasque
3298 4121 3453 4166 vocat
3512 4130 3623 4166 nec
3692 4113 3945 4182 frugum

531 4209 788 4247 munere
825 4199 1071 4263 dignas.

818 4282 860 4350 ¹)
913 4285 1178 4335 dummodo
1216 4298 1280 4335 ne
1313 4282 1446 4334 ‘tibi’
1483 4298 1660 4348 parum
1697 4293 1842 4336 recte
1878 4284 2270 4352 interpreteri⁸3
2317 4299 2477 4352 neque
2512 4285 2645 4336 enim
2685 4287 2890 4338 dativus
2928 4294 3010 4338 est
3045 4289 3243 4354 positus
3280 4289 3424 4354 qnasi
3463 4304 3547 4340 res
3584 4305 3697 4341 cum
3732 4291 3942 4343 Cereris

531 4369 842 4421 incommode
879 4371 985 4434 flat,
1022 4369 1112 4422 sed
1147 4370 1279 4437 quod
1316 4385 1376 4420 ea
1415 4385 1500 4421 rea
1538 4371 1602 4421 ad
1635 4369 1874 4422 Cererem
1907 4371 2052 4422 deam
2087 4379 2344 4436 agrestem
2380 4373 2625 4438 pertinet.

817 4455 860 4519 ⁸)
913 4456 1051 4508 Cave
1086 4463 1232 4522 putea
1269 4472 1332 4508 eo
1370 4457 1484 4508 loeo
1519 4458 1662 4508 dean
1696 4458 1874 4510 duran
1912 4472 2028 4509 esse
2063 4457 2126 4509 ab
2161 4457 2350 4510 ovidio
2386 4458 2715 4510 nominatam.

816 4542 858 4604 ⁴)
911 4543 1010 4609 epi.
1046 4541 1066 4593 1
1091 4544 1140 4607 7,
1163 4543 1258 4608 913
1301 4543 1382 4610 16,
1407 4543 1488 4594 70.

817 4629 860 4690 ⁸)
909 4641 1086 4692 georg.
1123 4627 1146 4678 1
1176 4628 1274 4682 160
1309 4630 1598 4695 (dicendum
1632 4638 1704 4694 et,
1741 4647 1869 4697 quac
1904 4629 2011 4681 sint
2045 4631 2190 4682 duria
2224 4631 2515 4696 agrestibus
2551 4647 2721 4696 arma,
2772 4632 2889 4700 quis
2928 4635 3042 4685 eine
3080 4649 3171 4684 nco
3208 4642 3423 4701 potuere
3458 4635 3566 4688 aeri
3604 4651 3696 4686 nec
3732 4651 3943 4702 surgere

531 4715 776 4778 neuun
817 4712 882 4764 af.
920 4713 1046 4765 Αοιι.
1075 4713 1306 4768 v11504.

817 4801 860 4868 θ)
913 4809 1032 4852 met.
1071 4800 1194 4854 xlv
1217 4803 1318 4854 643
1355 4803 1408 4868 (o
1443 4805 1678 4871 quotiens
1711 4805 1890 4855 babitu
1927 4804 2044 4856 duri
2080 4806 2322 4857 messoris
2359 4806 2549 4858 aristas
2586 4808 2739 4859 corbe
2778 4809 2937 4872 tulit).

816 4889 860 4951 ⁶¹)
913 4889 978 4938 67
1017 4889 1214 4940 demun
1249 4903 1408 4940 versu
1458 4905 1552 4958 per
1599 4891 1904 4943 neum-tiam
1941 4892 2184 4944 versibus
2219 4891 2284 4943 65
2321 4899 2376 4943 et
2411 4893 2479 4944 66
2514 4895 2831 4944 enuntiatam
2870 4897 2984 4961 (qua
3028 4892 3291 4960 profectus
3338 4912 3367 4947 a
3402 4894 3610 4948 Nenesi
3657 4897 3943 4962 generatim

529 4973 592 5024 de
636 4973 882 5026 formosis
925 4975 1114 5042 puellis
1158 4983 1212 5028 et
1257 4978 1320 5027 de
1363 4978 1506 5040 agris
1551 4978 1744 5045 plurali
1791 4993 1996 5030 numero
2043 4979 2222 5032 dicere
2266 4981 2455 5046 coepit)
2502 4995 2563 5030 eo
2614 4981 2945 5046 pregreditur
2978 4990 3153 5047 poeta‚
3202 4989 3261 5034 ut
3306 4997 3503 5032 omnen
3538 4985 3651 5048 agri
3688 4985 3940 5036 culturam

528 5062 706 5112 valere
743 5061 932 5126 iubeat,
972 5079 1036 5114 ue
1070 5063 1178 5114 sint
1213 5065 1358 5116 nodo
1395 5079 1522 5116 rure
1554 5066 1772 5132 puellae.

813 5150 854 5212 ⁸)
907 5149 1006 5200 Vel
1043 5151 1264 5202 ani-nm
1301 5153 1414 5203 eius
1452 5151 1638 5203 ducere
1677 5153 1840 5218 pergit
1879 5153 1965 5203 vel
2001 5155 2162 5220 ipsam
2199 5156 2386 5206 ducere
2421 5155 2571 5206 solet.
