4709 5675
2083 327 2479 394 -7,..

577 503 818 598 quidem
866 513 1002 576 dicit
1047 517 1162 594 (pg.
1203 510 1418 590 1318):
1490 523 1756 592 ‘repente
1803 499 1880 573 ist
1927 509 2088 572 nicht
2132 511 2389 580 sinnlos,
2450 510 2708 572 sondern
2768 509 2863 572 die
2915 510 3166 573 lebhafte
3214 511 3523 574 Phantasie
3569 499 3671 574 des
3720 511 3984 575 Dicliters

575 637 830 691 versetzt
869 627 990 689 sich
1035 626 1094 686 in
1140 625 1236 688 die
1283 623 1407 687 Zeit
1453 625 1555 686 des
1591 623 1888 686 Wechsels
1934 624 1996 684 in
2044 624 2146 685 dei·
2179 623 2692 695 Weltherrschai't‚
2754 623 2859 686 der
2920 625 3164 685 tausend
3211 624 3567 705 Todeswege
3632 625 3736 687 mit
3780 625 3977 686 einem

575 741 688 804 Mal
756 740 1003 802 erofl'net
1071 739 1204 810 hat,
1272 737 1364 799 die
1422 737 1635 798 vorher
1693 737 1803 798 alle
1865 736 2210 797 unbekannt
2255 754 2524 815 gewesen
2570 754 2796 806 waren,
2868 736 2970 797 das
3018 737 3367 799 Adverbium
3415 738 3491 798 ist
3536 756 3648 816 eng
3696 739 3802 799 mit
3846 739 3979 799 dem

577 854 860 915 Zahlwort
899 871 973 914 zu
1020 848 1389 924 verbinden';
1455 848 1725 911 similiter
1767 849 1864 911 hic
1908 849 2030 929 (pg.
2073 847 2289 927 1548):
2364 849 2485 908 ‘Die
2534 848 2925 910 dichterische
2970 849 3384 929 Anschauung,
3430 869 3536 911 aus
3583 851 3689 911 der
3734 871 3795 912 es
3840 851 3981 911 her-

577 982 995 1044 vorgegangen,
1041 962 1254 1044 glaube
1297 962 1389 1023 ich
1435 961 1690 1024 deutlich
1735 980 1808 1023 zu
1853 962 2184 1023 erkennen:
2252 960 2397 1042 jetzt
2464 961 2735 1041 plotzlich
2782 995 2863 1006 —
2912 981 3027 1023 wer
3095 981 3228 1041 mag
3292 980 3501 1042 sagen,
3573 963 3681 1024 wie
3748 983 3811 1024 es
3876 983 3982 1025 zu-

568 1072 917 1157 gegangen?
963 1111 1046 1119 -—
1091 1076 1166 1136 ist
1214 1076 1352 1137 alles
1398 1074 1643 1136 anders'.
1732 1073 1890 1135 Haec
1937 1075 2076 1136 ferri
2122 1076 2375 1135 fortasse
2419 1085 2679 1154 possent,
2742 1074 2851 1135 nisi
2904 1075 3361 1138 antecederent
3404 1075 3576 1137 verba
3622 1081 3801 1138 ‘nunc
3844 1075 3981 1136 Iove

567 1192 680 1252 suh
749 1189 998 1251 domino
1067 1186 1276 1250 caedes
1345 1195 1405 1248 et
1463 1188 1700 1249 vulnera
1772 1186 2043 1268 semper'.
2132 1186 2236 1248 His
2295 1187 2455 1247 enim
2513 1197 2716 1266 poeta,
2782 1195 2851 1248 ut
2892 1197 3065 1249 antea
3110 1196 3327 1250 statum
3374 1205 3575 1250 rerum
3622 1188 3809 1268 qualis
3855 1199 3981 1249 erat

567 1303 828 1365 Saturno
875 1320 1010 1379 rege
1053 1299 1342 1380 depinxit,
1388 1300 1457 1361 ad
1501 1303 1752 1361 ferream
1801 1307 2050 1361 aetatem
2098 1299 2396 1362 transiens
2444 1299 2687 1361 minime
2732 1297 2904 1373 dixit,
2966 1318 3147 1380 quae,
3208 1300 3665 1382 simulatque
3708 1301 3981 1381 Iuppiter

566 1407 754 1495 regno
801 1413 1024 1494 potitus
1070 1423 1243 1486 esset,
1290 1424 1416 1474 tum
1464 1412 1721 1476 subito
1768 1412 2074 1474 incidisset
2118 1411 2369 1473 mutatio
2416 1429 2638 1483 rerum,
2685 1413 2788 1472 sed
2837 1413 2977 1473 item
3024 1421 3243 1474 statum
3290 1413 3565 1475 describit
3594 1414 3785 1492 qualis
3820 1431 3981 1475 nunc

570 1545 811 1607 semper
855 1536 944 1587 est
986 1525 1120 1588 love
1163 1527 1272 1588 sub
1317 1525 1581 1600 domino,
1623 1525 1664 1586 i.
1700 1545 1751 1587 e.
1799 1525 1964 1586 dum
2011 1525 2269 1605 luppiter
2315 1535 2542 1604 regnat.
2603 1524 2923 1604 Postquam
2969 1524 3283 1588 antecessit
3326 1525 3441 1587 boc
3484 1525 3745 1606 primum
3780 1524 3978 1587 ‘nunc‘

572 1639 949 1701 coniunctum
1013 1657 1148 1701 cum
1207 1639 1400 1700 verbis
1457 1639 1610 1700 ‘love
1663 1638 1774 1700 sub
1831 1636 2090 1699 domino’
2145 1647 2204 1700 et
2262 1636 2640 1718 ‘semper'‚-
2694 1645 2932 1718 poetam
2993 1656 3129 1700 cum
3190 1639 3583 1719 sequentibus
3629 1639 3828 1701 ‘nunc'
3876 1658 3980 1720 per

574 1748 916 1834 ἀναφορὰν
958 1751 1225 1832 repetitis
1269 1773 1300 1814 a
1345 1763 1499 1814 statu
1549 1751 1934 1814 describendo
1982 1751 2168 1812 delabi
2213 1751 2283 1813 ad
2331 1749 2487 1813 alind
2536 1750 2831 1831 quoddam
2880 1759 3146 1831 tempus,
3203 1751 3425 1813 scilicet
3480 1752 3552 1813 ad
3602 1770 3785 1814 unum
3836 1752 3978 1813 illud

571 1874 854 1945 punctum
900 1883 1019 1945 quo
1063 1863 1220 1926 facta
1263 1875 1405 1927 sunt
1449 1883 1600 1945 quae
1646 1883 1773 1926 esse
1823 1865 1998 1926 modo
2046 1863 2413 1934 dicebantur,
2479 1863 2618 1924 mihi
2682 1863 2871 1924 multo
2926 1863 3127 1924 minus
3176 1863 3293 1925 veri
3338 1863 3531 1925 simile
3574 1865 3803 1926 videtur
3848 1883 3978 1926 esse

573 1995 745 2057 quam
792 1995 997 2038 vocem
1045 1976 1330 2058 ‘repente'
1375 1997 1407 2040 a
1445 1977 1678 2039 Tibullo
1724 1978 2002 2057 scriptam
2051 1994 2173 2038 non
2220 1995 2368 2038 esse.

852 2090 1018 2164 Quae
1063 2109 1176 2150 vox
1219 2089 1366 2170 quin
1429 2109 1458 2150 a
1505 2089 1738 2151 Tibullo
1797 2090 2011 2168 scripta
2059 2106 2176 2150 non
2225 2090 2328 2163 sit,
2392 2107 2467 2150 ne
2511 2089 2550 2150 ii
2596 2087 2838 2168 quidem
2885 2088 3105 2151 debent
3148 2088 3417 2150 dubitare
3471 2090 3572 2169 qui
3620 2089 3789 2150 verba
3852 2089 3973 2151 ‘leti

565 2202 726 2264 mille
773 2201 914 2262 viae'
961 2221 1029 2264 ex
1075 2202 1530 2283 interpolatione
1577 2202 1838 2282 profecta
1885 2221 2020 2264 esse
2065 2220 2244 2282 posse
2289 2211 2521 2280 negant„
2602 2200 2696 2262 Cr.
2742 2201 3001 2282 quidem,
3047 2202 3140 2264 cui
3186 2221 3333 2282 quae
3377 2203 3642 2282 potuisse
3672 2201 3972 2264 Tibullum

564 2315 826 2377 scribere
883 2315 1284 2377 demonstravi
1343 2314 1678 2395 (scripsisse
1741 2333 1860 2377 non
1921 2313 2246 2392 autumavi)
2304 2315 2535 2393 ‘longae
2593 2315 2709 2376 fata
2772 2315 2893 2375 viae
2952 2314 3283 2395 properant'
3337 2333 3453 2375 non
3519 2315 3697 2394 magis
3744 2315 3975 2395 placent

567 2445 749 2506 quam
793 2426 1028 2507 Hugoni
1071 2427 1337 2507 MagnuS,
1386 2428 1532 2488 haec
1575 2428 1714 2489 dicit
1755 2429 1878 2508 (pg.
1911 2427 2087 2507 360):
2135 2427 2310 2488 ‘Aber
2355 2445 2527 2488 wenn
2558 2427 2729 2488 Leo’s
2761 2426 3126 2507 Schreibung
3171 2427 3319 2490 auch
3370 2429 3529 2489 nicht
3575 2427 3803 2490 haltbar
3846 2429 3972 2490 sein

567 2540 769 2613 sollte,
833 2559 900 2601 so
950 2541 1150 2602 wt'irde
1194 2540 1408 2603 daraus
1455 2541 1605 2602 doch
1651 2541 1808 2602 noch
1853 2541 2016 2602 nicht
2067 2541 2173 2601 mit
2215 2539 2547 2602 Sicherbeit
2592 2517 2817 2620 fulgen,
2886 2541 3013 2602 dats
3073 2540 3167 2601 die
3214 2541 3397 2603 Stelle
3456 2525 3825 2623 interpoliert
3868 2543 3973 2616 ist;

569 2651 664 2712 ein
709 2652 959 2714 anderer
1000 2663 1171 2732 guter
1213 2652 1424 2714 Einl'all
1473 2654 1692 2715 konnte
1737 2655 1834 2715 die
1881 2653 2291 2732 vorgeblichen
2323 2652 2847 2733 Schwierigkeiten
2893 2654 3104 2715 beben.
3180 2651 3345 2715 Denn
3394 2655 3522 2715 dass
3568 2654 3662 2717 die
3709 2653 3809 2716 leti
3847 2658 3973 2716 viae

566 2781 636 2825 an
681 2764 804 2826 sich
850 2766 976 2827 hier
1021 2766 1187 2827 nicht
1228 2767 1463 2848 passten
1479 2763 1546 2847 ¹),
1595 2766 1734 2827 wird
1786 2783 1918 2828 man
1963 2767 2128 2828 nicht
2175 2765 2513 2847 behaupten
2560 2765 2839 2827 konnen'.
2914 2765 3101 2827 Nemo
3136 2766 3392 2846 meipso
3427 2765 3609 2845 magis
3641 2767 3970 2837 laetabitur,

564 2878 612 2938 si
660 2879 801 2958 quid
850 2878 960 2939 erit
1003 2879 1316 2940 inventum
1363 2878 1576 2941 melius
1623 2898 1801 2960 quam
1851 2899 1959 2958 ego
2007 2888 2387 2941 commentus
2432 2898 2597 2952 sum,
2658 2880 2809 2951 sive,
2871 2880 3030 2960 quod
3076 2881 3200 2941 vult
3244 2879 3373 2953 Cr.,
3418 2879 3753 2942 retinentur
3796 2880 3969 2941 verba

565 2992 684 3052 ‘leti
733 2992 890 3053 mille
935 2991 1077 3053 viae’
1124 2992 1246 3053 sive
1289 2974 1606 3064 eiciuntur,
1652 2992 1709 3054 id
1759 2992 1917 3073 quod
1966 2993 2365 3055 necessarium
2411 3012 2542 3053 esse
2586 3010 2691 3071 ego
2730 2991 3005 3063 arbitror,
3052 2992 3187 3073 quia
3220 2993 3463 3054 unicum
3498 2994 3656 3073 quod
3684 2991 3969 3053 Friderici

564 3104 682 3165 Leo
750 3116 810 3165 et
877 3124 1008 3166 meo
1075 3105 1292 3167 iudicio
1363 3124 1467 3187 pro
1521 3124 1660 3166 voce
1715 3105 1999 3185 ‘repente'
2059 3105 2370 3183 excogitari
2444 3114 2639 3183 potest
2702 3103 2943 3166 verbum
3013 3106 3245 3167 finitum
3294 3105 3649 3185 ‘patentque'
3710 3104 3971 3167 metricis

561 3215 892 3279 rationibus
935 3217 1334 3281 dissuadetur.
1419 3218 1756 3279 Concedant
1800 3218 1981 3297 igitur
2024 3219 2077 3279 ei
2123 3219 2223 3298 qui
2272 3217 2635 3298 ‘patentque’
2680 3217 3063 3279 scribendum
3111 3230 3214 3280 aut
3257 3218 3447 3278 simile
3492 3217 3629 3297 quid
3678 3236 3785 3297 pro
3833 3237 3971 3279 voce

562 3329 847 3409 ‘repente‘
901 3330 1368 3411 investigandum
1429 3349 1560 3392 esse
1617 3340 1893 3391 censent:
1961 3330 2071 3391 hoc
2114 3340 2272 3391 certe
2319 3330 2666 3391 vocabulum
2713 3330 2773 3391 in
2821 3332 3137 3410 archetypo
3182 3331 3253 3391 ad
3299 3331 3567 3392 lacunam
3617 3330 3965 3411 explendam

561 3441 984 3522 interpolatum
1032 3462 1162 3504 esse
1203 3460 1312 3522 pro
1359 3443 1478 3505 veri
1524 3442 1823 3504 simillimo
1871 3436 2047 3504 nobis
2093 3462 2224 3504 esse
2269 3442 2628 3504 habendum.

849 3554 868 3617 l
906 3554 964 3627 4,
998 3555 1100 3615 44.
1177 3554 1258 3615 De
1303 3557 1412 3616 hoc
1455 3573 1622 3616 versu
1670 3554 1906 3617 brevius
1953 3556 2064 3617 dici
2109 3556 2384 3636 potest2).
2446 3556 2681 3617 Etenim
2730 3556 2815 3617 eis
2861 3575 3010 3636 quae
3054 3556 3145 3618 Cr.
3193 3556 3339 3616 dixit
3383 3554 3502 3635 (pg.
3536 3553 3719 3633 360):
3765 3562 3846 3617 ‘es
3892 3555 3969 3617 ist

561 3665 714 3728 doch
757 3666 1077 3729 immerhin
1123 3668 1401 3736 denkbar‚
1462 3669 1590 3729 dass
1636 3669 1730 3729 die
1775 3668 1974 3729 rechte
2023 3668 2469 3747 Verbesserung
2526 3669 2680 3730 noch
2730 3668 2893 3730 nicht
2936 3668 3233 3747 gefunden
3281 3667 3377 3729 ist’
3421 3669 3497 3729 ita
3543 3668 3857 3740 assentior,
3905 3674 3971 3729 ut

559 3778 836 3840 traditam
883 3779 1233 3859 scripturam
1284 3788 1612 3842 ‘venturam
1659 3780 1950 3852 admittat’
1995 3780 2134 3842 ferri
2186 3800 2305 3842 non
2350 3800 2530 3861 posse
2580 3781 2721 3841 mihi
2769 3780 3142 3842 concedatur.
3211 3781 3579 3861 Quamquam
3621 3780 3690 3841 H.
3724 3778 3967 3858 Magnus

563 3891 703 3952 dicit
744 3892 866 3972 (pg.
905 3890 1118 3971 1548):
1187 3892 1348 3953 ‘Dem
1397 3892 1582 3954 Sinne
1627 3896 1776 3954 nach
1823 3893 1982 3955 finde
2029 3894 2118 3954 ich
2171 3894 2364 3955 weder
2408 3912 2485 3955 an
2530 3894 2794 3955 admittat
2848 3893 3000 3954 noch
3048 3912 3121 3953 an
3176 3894 3376 3954 seiner
3422 3892 3800 3972 Verbindung
3861 3894 3969 3955 mit

564 4014 864 4067 venturam
907 4016 1086 4067 etwas
1133 4024 1202 4067 zu
1249 4006 1474 4068 tadeln:
1537 4007 1643 4067 der
1684 4006 1952 4085 imbrifer
1993 4024 2167 4069 arcus
2211 4006 2475 4083 gewahrt
2520 4006 2654 4067 dem
2700 4006 3111 4085 Regengusse,
3174 4005 3387 4067 dessen
3435 4004 3725 4067 Kommen
3772 4005 3967 4079 droht,

566 4113 672 4175 der
714 4134 819 4177 vor
863 4118 970 4179 der
1012 4118 1180 4179 Thiir
1222 4120 1383 4179 steht
1426 4121 1810 4195 (venturam),
1865 4119 2180 4197 gleichsam
2227 4118 2473 4187 Zutrltt‚
2534 4118 2665 4181 laist
2712 4120 2812 4179 ihn
2859 4118 2989 4193 ein,
3046 4132 3355 4181 venturam
3399 4118 3477 4179 ist
3520 4116 3837 4197 schoner⁸)
3884 4117 3967 4179 als

567 4227 920 4301 venientem,
967 4231 1125 4292 deun
1171 4248 1294 4293 non
1340 4250 1548 4293 omnes
1595 4232 1695 4311 qui
1745 4230 1974 4292 venturi
2019 4240 2161 4293 sunt
2209 4229 2489 4292 veniunt’.
2553 4231 2670 4292 Sed
2719 4247 2794 4291 ne
2838 4233 2923 4291 sic
2968 4232 3207 4311 quidem
3229 4232 3278 4309 ⁴)
3324 4230 3569 4291 verbum
3616 4229 3967 4291 admittendi

849 4368 890 4427 ⁸)
945 4366 1206 4433 Cogitavit
1240 4370 1536 4435 quicumque
1574 4387 1631 4420 eu
1671 4370 1886 4434 scripsit
1921 4367 2004 4430 (cf.
2032 4370 2161 4436 prol.
2189 4369 2376 4435 pg.17)
2413 4370 2475 4419 de
2514 4369 2673 4419 variis
2710 4369 2960 4419 bellorum
2997 4378 3051 4419 et
3084 4368 3326 4420 itinerum
3367 4368 3637 4436 periculis;
3674 4384 3739 4419 ex
3775 4368 3966 4419 itinere

559 4453 694 4503 enim
731 4453 794 4502 ad
833 4451 1116 4505 bellandum
1153 4463 1390 4522 suscepto
1429 4458 1513 4507 vel
1551 4456 1720 4523 potius
1759 4474 1787 4508 e
1823 4456 2154 4520 navigatione
2188 4456 2490 4519 aegrotabat
2524 4462 2691 4521 poeta.
2766 4453 2863 4507 vel
2898 4455 3017 4506 hinc
3054 4453 3360 4507 refelluntur
3395 4470 3523 4521 qnae
3558 4456 3611 4506 in
3648 4455 3780 4507 Mus.
3806 4454 3962 4505 Rhea.

559 4536 806 4607 fasciculo
841 4540 992 4591 liuius
1028 4542 1147 4593 anai
1183 4543 1352 4594 altero
1391 4547 1490 4610 (με.
1518 4544 1636 4607 274)
1675 4545 1736 4595 de
1771 4544 1852 4595 his
1888 4543 2064 4594 verbis
2102 4549 2153 4592 et
2188 4544 2248 4593 de
2284 4558 2334 4591 v.
2362 4542 2426 4592 47
2464 4542 2600 4593 dixit
2636 4540 2694 4593 E.
2719 4539 2973 4591 walfflin.

846 4628 887 4689 ²)
940 4626 1016 4678 Cl’.
1056 4628 1331 4681 Baehrensi
1367 4628 1702 4682 ‘Tibulliache
1741 4629 1954 4681 Bliitter’
1990 4645 2070 4696 pg.
2097 4630 2176 4680 87.

845 4715 886 4775 ⁸)
943 4713 1077 4766 Haec
1113 4725 1342 4767 extrema
1376 4718 1631 4768 sententia
1667 4718 1786 4783 quid
1822 4717 1920 4768 sibi
1956 4716 2116 4781 velit,
2171 4732 2383 4782 prorsus
2421 4732 2515 4765 non
2554 4715 2831 4779 intellego:
2886 4715 3075 4767 etenim
3124 4730 3183 4767 ea
3219 4714 3331 4781 ipsa
3367 4720 3429 4767 de
3466 4730 3646 4779 causa,
3699 4715 3826 4781 quod
3865 4732 3962 4766 nou

559 4812 730 4850 omues
764 4801 854 4866 qui
889 4803 1095 4853 venturi
1131 4810 1251 4854 snut
1289 4804 1526 4867 veniunt,
1580 4806 1626 4855 is
1674 4806 1754 4855 cni
1792 4804 2080 4856 venientem
2119 4804 2329 4855 imbrem
2368 4818 2615 4855 excusare
2662 4802 2847 4854 liceret
2883 4810 3151 4854 venturam
3187 4818 3365 4869 aquam
3402 4818 3574 4869 parum
3612 4799 3838 4853 feliciter
3874 4818 3965 4853 ex-

557 4893 780 4939 cusaret.
851 4888 995 4939 Adde
1031 4905 1162 4955 quae
1197 4890 1423 4941 disserui
1459 4892 1511 4943 in
1549 4893 1943 4958 prolegomenon
1981 4907 2060 4958 ps.
2087 4892 2136 4942 9.

844 4974 886 5037 ⁴)
938 4972 1070 5026 Idem
1107 4994 1153 5027 ι.
1187 4976 1315 5029 1887
1353 4976 1470 5041 (1.1.
1509 4994 1588 5044 ps.
1616 4978 1737 5041 344)
1777 4978 2004 5029 dixerat:
2058 4976 2180 5028 ‘Fiir
2216 4979 2306 5029 das
2353 4979 2401 5027 in
2449 4978 2559 5027 dem
2596 4976 2751 5029 Sinus
2788 4975 3071 5028 ‘zuftihren'
3096 5002 3163 5019 =
3192 4976 3395 5029 adferre
3446 4985 3591 5028 soust
3636 4977 3775 5027 nicht
3813 4979 3963 5029 nach-

561 5058 810 5111 weisbare
833 5060 1104 5113 aduritur-e
1137 5066 1334 5129 spricht
1369 5064 1614 5128 iibrigens
1651 5066 1733 5115 die
1758 5064 1990 5128 Neigung
2012 5063 2217 5115 Tibulls
2253 5064 2336 5115 die
2364 5064 2579 5116 Wiirter
2616 5064 2683 5114 im
2722 5072 2911 5127 ersten,
2952 5064 3293 5127 eigeutlichen
3319 5064 3473 5113 Sinna
3509 5080 3573 5113 zu
3610 5063 3962 5129 gebrauchen’,

559 5158 654 5208 quo
692 5156 870 5213 poetae
905 5150 1077 5201 studio
1117 5166 1224 5201 eam
1263 5152 1490 5203 notionis
1524 5166 1650 5217 quae
1687 5154 1845 5203 verbo
1884 5153 2060 5203 subest
2095 5152 2480 5203 conversionem
2520 5151 2779 5216 prohiberi
2816 5159 3041 5216 apparet.
