4709 5675
2259 314 2701 376 -16-

1201 491 1305 551 llll
1341 492 1395 563 1,
1435 486 1581 550 112:
1673 499 1837 551 terna
1887 490 2081 551 minus
2127 491 2320 571 Pyliae
2370 492 2619 554 miretur
2662 491 2891 552 saecula
2938 491 3128 552 famae

1669 620 1924 683 namque
1968 620 2148 663 senex
2193 604 2399 681 longae
2442 604 2672 683 peragit
2716 604 2857 665 dum
2902 602 3133 665 saecula
3172 604 3371 683 [amne
3392 602 3437 679 ¹)

1343 718 1395 786 1,
1428 715 1581 775 205:
1669 732 1774 776 seu
1825 722 2051 776 matura
2097 716 2220 777 dies
2265 716 2499 779 celerem
2544 724 2826 797 properat
2868 714 3016 777 mihi
3063 724 3314 777 mortem

1337 828 1395 900 5,
1475 825 1581 889 16:
1673 827 1831 889 nulla
1875 836 2058 908 queat
2097 828 2346 907 posthac
2386 828 2491 891 hec
2535 828 2789 891 soluisse
2832 828 3021 905 (ἤθε’)

1061 1016 1307 1095 Reliqua
1362 1033 1513 1095 quae
1568 1015 1628 1076 in
1675 1016 2060 1097 archetypum
2107 1018 2482 1096 irrepserunt
2533 1016 2621 1077 vel
2680 1014 2889 1077 menda
2934 1016 3021 1077 vel
3070 1016 3205 1078 vitia
3260 1015 3397 1077 talia
3460 1022 3601 1077 sunt
3620 1014 3700 1091 ⁸),
3760 1015 3948 1096 qualia
3994 1019 4191 1081 solent

780 1146 927 1189 esse.
1019 1130 1210 1205 Atque
1265 1145 1436 1206 quam
1495 1136 1652 1188 certa
1705 1127 1951 1189 consilia
1997 1127 2298 1209 archetypi
2343 1128 2621 1190 librarius
2667 1136 3019 1207 persecutus
3064 1128 3143 1190 sit
3184 1128 3249 1189 in
3295 1148 3363 1190 ea
3409 1147 3564 1210 quae
3607 1127 3763 1189 illius
3815 1129 4047 1211 propria
4095 1140 4191 1191 est

780 1257 1057 1300 versuum
1103 1239 1595 1319 complendarum
1615 1240 1663 1315 4)
1713 1249 1798 1313 et,
1863 1250 1929 1301 ut
1972 1240 2055 1301 illi
2102 1241 2289 1301 visum
2337 1250 2453 1312 est,
2515 1240 3029 1303 emendandorum
3075 1239 3338 1311 ratione,
3396 1259 3467 1302 ex
3513 1249 3835 1322 conspectu
3884 1242 4186 1322 proposito

776 1350 947 1413 facile
992 1351 1296 1430 cognitum
1340 1352 1414 1412 iri
1457 1370 1652 1433 spero.
1741 1352 1942 1434 ltaque
1986 1354 2188 1432 regula
2235 1353 2526 1434 quaedam
2574 1354 2804 1416 videtur
2847 1353 3089 1415 inventa
3136 1371 3269 1415 esse
3316 1371 3431 1433 qua
3479 1354 3601 1427 usi,
3656 1370 3803 1415 num
3858 1372 3975 1433 qua
4018 1354 4191 1417 verba

777 1473 940 1526 recte
985 1485 1016 1527 a
1062 1464 1280 1526 criticis
1323 1466 1382 1525 in
1429 1465 1904 1545 interpolationis
1949 1466 2346 1546 suspicionem
2397 1475 2702 1537 vocentur,
2749 1476 2949 1527 utrum
2996 1466 3238 1528 lacunae
3282 1474 3442 1527 recte
3476 1465 3886 1544 statuantur³)
3916 1482 4192 1528 versusve

779 1586 939 1640 recte
983 1576 1511 1658 transponantur⁶)
1555 1596 1766 1650 necne,
1813 1578 2136 1641 diiudicare
2183 1578 2501 1659 possimus.
2591 1579 2969 1641 Contrarium
3018 1596 3132 1650 me,
3176 1578 3227 1639 si
3274 1596 3477 1641 verum
3524 1579 3907 1652 invenissem,
3954 1594 4195 1642 assecu-

779 1698 980 1751 turum
1031 1689 1213 1751 fuisse
1259 1699 1461 1752 censet
1506 1691 1574 1752 H.
1608 1690 1884 1770 Magnus;
1929 1692 2028 1772 qui
2073 1710 2209 1753 cum
2257 1708 2407 1753 nova
2454 1698 2632 1771 atque
2676 1692 2936 1753 inaudita
2982 1700 3037 1753 et
3085 1708 3254 1772 quae,
3303 1708 3383 1753 ne
3428 1691 3633 1753 critice
3678 1690 4009 1753 Tibulliana
4059 1710 4191 1755 cor·

779 1810 941 1872 ruat,
997 1820 1191 1883 neque
1236 1803 1490 1865 debeant
1534 1821 1729 1883 neque
1773 1804 2004 1884 possint
2047 1803 2208 1865 credi
2254 1822 2350 1867 me
2396 1804 2713 1885 protulisse
2759 1802 3024 1883 raeiat')‚
3086 1804 3287 1865 nescio
3332 1820 3409 1865 an
3456 1803 3706 1864 nimium
3753 1803 4012 1865 libellulo
4058 1822 4194 1865 meo

779 1915 1074 1981 tribuerit.
1140 1916 1195 1977 ls
1226 1917 1405 1996 igitur
1435 1916 1579 1979 dicit
1609 1916 1728 1997 (pg.
1763 1916 1979 1995 1547):
2027 1916 2276 1979 ‘Unsere
2321 1933 2507 1995 ganze
2534 1902 2983 1994 Uberliererung
3026 1916 3231 1977 wfirde
3276 1915 3383 1977 auf
3415 1916 3582 1978 einer
3612 1915 3713 1977 Hs.
3745 1915 3957 1988 ruben,
4004 1916 4187 1977 deren

1068 2179 1107 2239 ¹)
1162 2179 1277 2230 vel:
1315 2194 1537 2244 namque
1569 2195 1728 2229 senex
1761 2177 1941 2245 longae
1971 2182 2176 2247 peragit
2210 2178 2339 2230 dum
2374 2178 2583 2231 saecula
2614 2178 2797 2245 famae
2830 2177 2915 2245 (cf.
2953 2180 3081 2247 prol.
3121 2197 3199 2247 με.
3230 2180 3333 2241 73).

1070 2265 1112 2327 ²)
1163 2265 1286 2317 Item
1325 2267 1421 2315 huc
1459 2266 1682 2331 pertinet
1719 2280 1902 2317 versus
1937 2263 2032 2329 19,
2056 2266 2125 2316 40
2161 2264 2254 2329 (sit
2291 2281 2475 2332 precor
2509 2266 2741 2333 exemplo
2777 2269 2847 2317 sit
2881 2266 3015 2318 levis
3051 2266 3147 2319 illu
3180 2268 3315 2333 tuo),
3360 2266 3421 2318 de
3464 2282 3561 2334 quo
3608 2263 3741 2317 iufra
3795 2266 4057 2317 dicendum
4094 2273 4189 2317 est.

1065 2354 1106 2417 8)
1162 2351 1302 2418 Quae
1338 2352 1550 2416 Magnus
1587 2352 1716 2403 dicit
1753 2356 1851 2418 (με.
1881 2353 2057 2413 1547):
2102 2354 2182 2402 ‘an
2218 2352 2312 2403 den
2354 2352 2803 2403 verschiedeusten
2838 2354 3034 2405 Stelleu
3073 2354 3438 2420 interpolierte
3475 2369 3535 2405 er
3571 2369 3661 2405 aus
3698 2353 3792 2405 den
3832 2352 4193 2405 verschieden-

779 2447 889 2491 sten
928 2439 1169 2491 Griinden
1204 2466 1271 2476 -
1313 2438 1644 2505 buohstaben,
1677 2438 1908 2503 Wiirter,
1939 2438 1998 2501 ja
2030 2454 2191 2501 ganne
2215 2439 2513 2503 Versteile’,
2548 2440 2899 2505 superlatione
2932 2441 3145 2508 quadam
3184 2441 3491 2491 claudicant.

1067 2525 1110 2591 ⁴)
1165 2525 1482 2589 Librarium‚
1542 2542 1604 2577 ne
1657 2540 1882 2591 mancum
1936 2526 2122 2575 librum
2177 2525 2425 2577 exhibere
2469 2526 2765 2590 videretur,
2819 2542 2979 2593 neque
3023 2528 3163 2578 inter
3199 2542 3385 2578 versus
3422 2542 3580 2593 neque
3618 2527 3669 2579 iu
3710 2526 3947 2579 versibus
3982 2528 4193 2579 lacunas

782 2613 1028 2679 praebere
1064 2612 1348 2679 oportebat.
1419 2612 1589 2679 ltaque
1626 2611 1793 2663 sicubi
1829 2612 2104 2663 interierat
2140 2626 2340 2678 versus,
2377 2612 2732 2663 deficientibus
2768 2627 2896 2679 quae
2933 2615 2984 2665 in
3023 2613 3343 2681 reperiendis
3390 2621 3568 2680 poetae
3606 2615 3780 2666 verbis
3830 2615 3973 2681 sequi
4022 2622 4193 2681 posset

781 2700 1024 2764 vestigiis
1059 2700 1320 2765 proximos
1355 2713 1538 2750 versus
1584 2699 1752 2765 spatio
1800 2715 1896 2748 non
1943 2699 2236 2750 intermisso
2275 2700 2584 2763 coniungere
2619 2714 2763 2766 quam
2800 2716 2893 2750 suo
2930 2700 3099 2753 Marte
3132 2701 3297 2751 totius
3335 2714 3517 2751 versus
3553 2699 3616 2751 de
3652 2700 3851 2763 integro
3890 2700 4192 2751 conficiendi

782 2786 1066 2854 periculum
1120 2784 1292 2839 facere
1344 2785 1552 2850 maluit3
1606 2801 1784 2837 verum
1839 2786 1885 2837 si
1936 2794 2202 2840 truncatus
2249 2794 2363 2837 erat
2399 2801 2607 2849 versus,
2664 2799 2787 2837 ansa
2824 2788 3035 2854 quadam
3069 2788 3131 2840 ad
3168 2787 3489 2837 sarciendam
3526 2785 3700 2837 oblata
3735 2786 3947 2853 explere
3984 2801 4191 2837 versum

782 2872 962 2925 maluit
1009 2889 1153 2938 quam
1200 2873 1436 2939 reliquiis
1482 2873 1592 2923 eius
1634 2871 1854 2924 abiectis
1891 2888 2037 2925 suum
2073 2873 2359 2940 exemplum
2396 2890 2457 2926 eo
2493 2888 2638 2941 quem
2676 2873 3004 2926 describebat
3038 2874 3177 2925 libro
3212 2875 3376 2939 magis
3414 2874 3565 2925 etiam
3603 2874 3922 2925 decurtatum
3958 2873 4191 2924 reddere.

784 2960 922 3026 Quae
959 2975 1068 3011 cum
1105 2961 1179 3010 ita
1217 2961 1337 3023 sint,
1375 2959 1544 3010 nescio
1583 2975 1642 3009 au
1680 2959 1933 3010 immerito
1970 2961 2344 3011 inconstantiae
2385 2962 2646 3012 cniusdam
2684 2977 2795 3012 enm
2832 2962 3095 3012 accusarit
3130 2959 3187 3010 H.
3213 2961 3428 3026 Magnus
3466 2961 3759 3028 (p3.1546).
3830 2960 3959 3013 Mihi
3994 2960 4191 3027 quidem

783 3063 878 3096 non
915 3047 1046 3097 satis
1081 3045 1181 3097 sibi
1217 3045 1513 3097 constitisse
1551 3045 1844 3108 videretur,
1901 3046 1946 3097 si
1992 3053 2081 3097 aut
2113 3048 2342 3098 lacunam
2378 3047 2461 3098 hic
2498 3048 2799 3115 reliquisset
2846 3047 2961 3098 illie
2997 3061 3153 3098 versu
3188 3048 3481 3111 excogitato
3517 3048 3807 3114 explesset,
3862 3053 3951 3098 aut
3986 3061 4190 3097 versum

779 3148 1006 3184 mancum
1043 3140 1198 3199 prout
1229 3131 1424 3183 libebat
1459 3148 1590 3183 nunc
1625 3132 1886 3199 explesset
1923 3146 2056 3183 nunc
2091 3149 2202 3184 cum
2238 3134 2492 3200 potuisset
2527 3135 2736 3201 explere
2774 3134 3044 3200 noluisset,
3079 3142 3169 3184 aut
3205 3135 3416 3184 lacunas
3442 3135 3679 3185 inventas
3704 3133 3915 3198 explere
3942 3132 4193 3183 noluisset

781 3227 960 3271 contra
997 3218 1081 3269 ubi
1119 3219 1349 3270 lacunam
1397 3235 1492 3269 non
1540 3219 1826 3270 invenisset
1861 3225 2056 3271 temere
2092 3219 2344 3272 distichon
2385 3220 2693 3272 addidisset:
2747 3236 2873 3288 quae
2911 3221 3075 3271 omnia
3112 3219 3250 3271 facta
3287 3235 3400 3272 esse
3438 3235 3584 3283 nego.
3654 3219 3831 3285 Neque
3867 3220 3997 3286 quod
4035 3218 4192 3270 semel

780 3306 844 3372 (ll
880 3307 931 3369 4,
967 3306 1047 3356 37.
1085 3305 1192 3371 38),
1245 3319 1372 3371 quae
1410 3305 1493 3357 illi
1529 3307 1694 3356 altera
1733 3305 2017 3357 hexametri
2055 3314 2200 3372 parte
2235 3315 2288 3358 et
2325 3308 2551 3359 eiusdem
2588 3308 2800 3359 distichi
2836 3315 3154 3374 pentametro
3190 3306 3396 3358 amissis
3432 3306 3495 3357 ad
3530 3305 3763 3358 lacunam
3800 3305 4101 3372 explendam
4138 3304 4191 3354 in

781 3401 996 3444 mentem
1033 3397 1300 3454 venerant,
1335 3392 1535 3459 reliqua
1570 3393 1782 3443 maioris
1819 3409 2000 3444 versus
2039 3402 2183 3460 parte
2219 3393 2415 3445 includi
2452 3410 2549 3444 non
2586 3402 2881 3461 potueruut,
2916 3394 3156 3444 habemus
3193 3407 3287 3443 cur
3316 3393 3377 3444 de
3413 3393 3702 3444 constantia
3741 3393 3852 3443 eius
3890 3391 4193 3444 dubitemus.

783 3480 947 3547 Quid?
1005 3480 1267 3546 Singulari
1314 3479 1613 3532 condicione
1665 3478 1836 3530 oblata
1873 3507 1940 3516 —
1977 3495 2137 3546 neque
2183 3481 2319 3531 enim
2368 3479 2477 3531 ullo
2515 3489 2721 3548 praeter
2754 3483 2887 3532 hunc
2923 3481 3039 3532 loco
3076 3487 3186 3532 tres
3220 3480 3432 3532 distichi
3468 3487 3639 3546 partes
3676 3480 3891 3531 deerant
3924 3505 3993 3516 —
4030 3494 4194 3529 nonne

781 3565 1037 3630 singulari
1089 3570 1166 3618 uti
1219 3567 1444 3617 remedio
1494 3567 1720 3617 licebat?
1791 3565 1882 3616 Eis
1935 3567 2092 3629 igitur
2137 3582 2262 3634 quae
2307 3567 2439 3618 dicit
2474 3567 2687 3633 Magnus
2724 3567 3031 3634 (pg.1547):
3088 3567 3197 3618 ‘Die
3234 3566 3528 3633 Erkliirung
3561 3564 3645 3617 fiir
3682 3567 3848 3617 dieses
3886 3567 4087 3618 unicum
4124 3567 4198 3618 ist

781 3655 909 3704 doch
947 3656 1067 3705 sehr
1103 3653 1510 3720 problematisch.
1573 3651 1701 3703 Was
1739 3652 1968 3703 hinderte
2004 3652 2132 3702 deun
2171 3669 2358 3704 unsern
2398 3655 2691 3705 schlimmen
2728 3653 3086 3721 laterpolator,
3123 3655 3217 3705 den
3252 3671 3303 3706 v.
3330 3655 3396 3705 37
3434 3653 3566 3706 bloss
3604 3655 3762 3705 durch
3798 3655 4013 3706 weitere
4049 3655 4186 3705 Aus-

781 3740 984 3806 malung
1021 3757 1118 3792 von
1155 3741 1271 3791 hinc
1309 3743 1456 3791 fletus
1493 3739 1738 3805 rixaeque
1774 3747 1961 3790 sonant
1993 3756 2056 3790 zu
2095 3737 2254 3791 stillen
2293 3741 2403 3803 (das
2440 3755 2551 3791 war
2587 3741 2701 3792 eine
2738 3737 3077 3804 Kleiuigkeit)
3114 3741 3213 3790 und
3258 3741 3353 3790 den
3391 3739 3714 3793 pentameter
3746 3739 3947 3792 einfach
3983 3755 4181 3805 wegzu-

783 3826 1020 3892 lassen?'‚
1075 3844 1134 3878 eo
1187 3829 1353 3879 minus
1399 3842 1611 3878 moveor
1647 3827 1776 3894 quod
1823 3828 1875 3878 iu
1914 3827 2012 3878 tali
2047 3842 2102 3878 re
2139 3828 2267 3893 quod
2302 3827 2460 3878 alteri
2495 3825 2793 3879 facillimum
2830 3835 2911 3878 est
2942 3828 3075 3878 idem
3112 3834 3170 3877 ut
3204 3827 3445 3893 expediat
3478 3827 3636 3878 alteri
3672 3827 3836 3877 minus
3872 3825 4027 3877 facile
4066 3842 4184 3878 con-

781 3918 981 3978 tingere
1017 3914 1166 3965 solet.
1230 3912 1423 3979 Quodsi
1469 3913 1712 3964 maiorem
1752 3927 1955 3965 versum
1994 3914 2191 3978 plenum
2229 3914 2546 3981 repperisset
2582 3929 2741 3980 neque
2778 3915 3019 3980 quaedum
3056 3913 3117 3963 de
3153 3929 3244 3965 suo
3270 3913 3457 3965 addere
3484 3920 3692 3965 coactus
3718 3913 3949 3964 lacunam
3974 3911 4185 3978 explere

780 4002 880 4054 iam
915 4002 1190 4068 coepisset,
1225 4002 1320 4051 hoc
1355 4013 1548 4067 quoque
1585 4000 1700 4051 loco
1737 4015 1846 4050 eum
1887 3999 2038 4050 uaius
2078 4000 2384 4066 pentametri
2422 4001 2651 4051 lacunam
2686 4001 2931 4052 intactam
2968 4000 3271 4052 relicturum
3306 3997 3468 4050 fuisse
3504 4000 3626 4050 mihi
3661 4013 3957 4065 persuasum
3992 4005 4088 4050 est.

1065 4089 1105 4151 ⁸)
1163 4087 1218 4138 Ε.
1249 4087 1486 4138 Wiilll'lin
1534 4087 1652 4150 (1.1.
1693 4103 1770 4152 pg.
1797 4087 1895 4137 270
1917 4087 2010 4152 sq.)
2055 4088 2384 4153 symmetriae
2438 4087 2696 4137 cuiusdam
2750 4088 2921 4150 gratia
2976 4087 3311 4138 resuscitavit
3360 4099 3537 4137 eorum
3590 4084 3676 4150 qui
3731 4090 3846 4152 post
3892 4083 4190 4149 v.110‚5o

779 4176 1036 4227 distichon
1074 4175 1331 4226 excidisse
1369 4173 1616 4240 suspicati
1651 4179 1771 4223 sunt
1807 4173 2096 4239 opinionem
2131 4173 2314 4223 dudum
2351 4172 2481 4224 scite
2519 4172 2827 4224 confutatam
2878 4174 2953 4226 eis
2997 4189 3123 4240 quae
3160 4175 3298 4224 dixit
3331 4171 3387 4222 F.
3418 4173 3521 4223 Leo
3558 4174 3659 4237 (με.
3683 4171 3799 4232 28)=
3854 4171 3943 4222 ‘Es
3998 4171 4199 4224 schaint

781 4263 877 4315 mir
911 4263 1166 4315 vielmehr
1201 4261 1433 4328 poetisch
1467 4275 1795 4324 augemessen
1833 4261 1931 4310 und
1971 4261 2090 4311 sehr
2126 4259 2418 4323 tibullisch‚
2471 4259 2553 4311 die
2589 4259 2874 4312 Thatsache
2930 4261 3071 4312 nicht
3125 4258 3326 4311 eial'ach
3380 4257 3818 4324 auszusprecheu,
3872 4257 4092 4308 sonderu
4140 4259 4191 4309 ia

781 4351 946 4402 ciuem
983 4347 1506 4399 charakteristischen
1545 4347 1684 4411 ane
1720 4347 2013 4398 ausmalend
2051 4345 2405 4397 anzudeuten’.

1067 4436 1104 4497 ο)
1159 4434 1325 4484 Semel
1363 4434 1416 4484 in
1454 4447 1669 4500 corpore
1706 4431 2002 4484 Tibulliano
2039 4431 2128 4496 (Ν
2153 4435 2205 4496 4)
2243 4431 2367 4483 ordo
2403 4447 2639 4484 versuum
2698 4450 2795 4483 non
2842 4441 2986 4486 recte
3042 4435 3088 4485 in
3131 4435 3283 4486 libris
3320 4449 3469 4484 manu
3508 4433 3718 4500 scriptis
3758 4433 4013 4497 traditan
4066 4445 4193 4499 quae

781 4522 1119 4589 transpositio
1156 4521 1271 4572 sive
1307 4521 1370 4571 ab
1407 4519 1674 4588 archetypi
1712 4520 1931 4571 librario
1969 4519 2084 4570 sive
2121 4519 2184 4570 ab
2219 4519 2508 4586 antiquiore
2542 4520 2715 4586 aliquo
2752 4518 2885 4571 facta
2923 4527 3032 4586 est,
3078 4520 3327 4573 facillimo
3364 4535 3543 4572 errore
3582 4519 3898 4587 explicatur:
3957 4535 4069 4570 nam
4106 4520 4196 4570 ille

781 4617 1044 4677 postquam
1081 4621 1286 4657 versum
1316 4605 1376 4658 16
1425 4607 1638 4672 scripsit
1685 4621 1716 4658 a
1761 4607 1956 4658 litteris
1994 4607 2142 4657 ‘·ella
2180 4613 2202 4658 t
2237 4609 2411 4673 [supra
2447 4608 2641 4674 scripto
2678 4608 2962 4673 compendii
3000 4607 3163 4672 signo]
3202 4613 3283 4659 est
3318 4608 3449 4673 [cp.]'
3496 4607 3763 4659 aberravit
3806 4608 3870 4660 ad
3928 4614 4199 4674 sequentes

784 4696 900 4747 ‘illu
937 4692 1001 4757 t’;
1039 4693 1243 4757 cognito
1280 4707 1459 4743 errore
1496 4692 1750 4743 distichon
1788 4693 2028 4744 omissum
2065 4692 2389 4760 interposuit.

1067 4781 1107 4841 ¹)
1159 4779 1300 4831 Dicit
1336 4780 1424 4829 ille
1462 4779 1663 4845 quidem
1700 4795 1778 4845 με.
1809 4780 1963 4831 1546:
1999 4780 2120 4831 ‘Der
2145 4778 2290 4832 Verl'.
2326 4781 2469 4844 triigt
2505 4779 2619 4831 eine
2654 4796 2783 4846 ganz
2820 4796 2946 4833 neue
2972 4779 3188 4832 Ansicht
3226 4795 3339 4831 vom
3376 4780 3635 4832 Zustaude
3672 4780 3763 4831 der
3799 4766 4196 4843 Uberlieferuuss

780 4870 870 4920 des
907 4882 1092 4933 eorpus
1126 4865 1472 4918 Tibullianum
1513 4881 1634 4930 vor,
1689 4867 1799 4930 die,
1851 4864 1973 4918 fulls
2019 4867 2094 4918 sie
2142 4867 2248 4919 sich
2284 4867 2362 4918 als
2398 4866 2590 4931 richtig
2626 4867 2875 4919 erweisen
2914 4867 3067 4932 liifst,
3117 4866 3234 4919 eine
3274 4867 3621 4932 vollatiindigs
3656 4865 3970 4916 Revolution
4010 4865 4063 4916 in
4103 4865 4197 4916 der

777 4955 1122 5007 Tibullkritik
1175 4951 1515 5006 hervorrui'en
1574 4951 1721 5004 muss’
1774 4961 1828 5004 et
1881 4954 2147 5021 p3.1548:
2197 4953 2363 5005 ‘wenu
2402 4952 2643 5004 wirklich
2694 4954 2786 5004 der
2823 4955 3023 5006 Beweis
3074 4954 3318 5006 erbracht
3354 4955 3520 5018 wiire,
3574 4967 3627 5002 es
3683 4951 3759 5002 sei
3810 4967 3869 5002 so
3916 4951 4017 5000 und
4056 4950 4198 5002 nicht

779 5043 981 5106 anders,
1015 5041 1234 5092 miil'sten
1274 5042 1372 5091 wir
1408 5055 1502 5090 uns
1538 5039 1634 5089 wie
1672 5037 1746 5090 oft
1781 5039 1873 5090 mit
1911 5038 2183 5105 Ergebung
2219 5039 2268 5089 in
2307 5038 2398 5092 das
2436 5037 2872 5091 Unabiinderliehe
2908 5040 3059 5105 stigen
3108 5041 3205 5091 und
3244 5039 3327 5091 die
3361 5036 3705 5090 Tibullkritik
3741 5036 3927 5088 kiiuate
3962 5037 4075 5089 sich
4112 5037 4197 5088 ias

781 5125 918 5179 Grab
955 5127 1140 5192 legen’.
2984 5115 3001 5126 ’
