4709 5675
490 517 636 578 f.t7

493 1986 534 2048 f.
567 1987 640 2049 18

499 3689 539 3751 f.
573 3688 649 3751 19

2181 343 2621 407 „22-

760 523 783 583 1
820 524 871 595 1,
912 522 984 582 14
1029 523 1314 601 agricolae
1359 521 1600 602 ponitur
1643 531 1781 584 ante
1825 522 2024 583 deum.
2119 521 2196 582 19
2237 523 2459 585 felices.
2550 520 2634 584 24
2678 521 2908 595 clamat,
2953 523 3030 583 io.
3110 522 3193 582 29
3238 521 3527 584 bidentes.
3612 521 3692 582 43
3740 521 3923 582 Parva
3966 521 4109 583 setis

903 653 1102 697 mensa
1146 634 1356 714 (vel¹),
1411 635 1594 697 Parva
1651 653 1818 714 seges
1873 634 2040 714 satis)
2099 644 2217 707 est,
2283 635 2429 697 satis
2496 643 2588 696 est
2640 653 2761 714 req.
2810 635 2979 696 lecto.
3069 635 3153 695 44
3210 634 3463 698 Scilicet.
3552 636 3635 696 45
3681 633 3939 708 audisse,
4002 635 4110 703 vel,

901 748 1126 810 audire.
1215 748 1295 810 46
1341 747 1692 821 detinuisse,
1738 748 1844 821 vel,
1890 747 2114 810 contin.
2204 747 2287 810 48
2330 748 2469 828 igne
2512 747 2768 809 iuvante.
2860 747 2941 808 54
2986 746 3184 821 exiles,
3242 748 3350 822 vel,
3406 747 3669 809 hostiles.
3756 746 3841 807 57
3887 746 4112 808 laudari

902 879 1064 922 curo.
1123 859 1204 922 59
1251 861 1324 922 Et
1369 869 1650 941 spectem.
1711 861 1792 922 60
1841 859 1916 922 Ει
1960 868 2212 922 teneam.
2276 859 2359 923 66
2408 879 2519 922 nec
2550 861 2731 939 virgo.
2795 860 2871 920 71
2922 877 3120 941 neque
3164 879 3376 922 amare.
3440 859 3520 922 78
3568 859 3725 923 Dites
3771 859 4111 940 despiciam.

807 971 866 1046 2,
905 974 932 1034 1
983 972 1240 1055 vinoque
1285 991 1490 1034 novos.
1561 973 1602 1034 4
1648 991 1816 1035 amor
1861 992 1972 1034 ma.
2007 992 2126 1036 sec.
2205 975 2278 1036 10
2321 973 2453 1036 Neu
2500 973 2726 1036 furtim.
2796 972 2880 1033 22
2926 958 3157 1035 addere.
3236 972 3317 1034 23
3364 973 3487 1035 Nec
3530 974 3717 1035 decet.
3786 972 3931 1034 25a.
3963 971 4111 1052 26¹)

901 1086 1121 1148 desunt.
1212 1084 1292 1148 33
1359 1086 1480 1146 fiat.
1569 1087 1650 1146 47
1720 1084 1842 1146 Iam
1907 1095 2077 1147 tenet
2138 1086 2244 1148 inf.
2335 1087 2418 1148 50
2486 1096 2790 1148 convocat.
2881 1085 2963 1148 52
3023 1086 3277 1149 Hecatae
3333 1086 3645 1164 Asscw).
3736 1087 3817 1147 54
3874 1105 4112 1166 exspue.

901 1199 986 1258 56
1042 1197 1170 1279 ipse
1228 1198 1420 1260 thoro.
1508 1197 1589 1260 63
1647 1197 1778 1260 Non
1837 1217 1944 1278 ego
1998 1207 2163 1262 totus
2218 1199 2470 1261 abesset.
2561 1198 2640 1260 67
2698 1199 2877 1260 victas
2924 1199 3253 1274 ABCDOE)
3272 1199 3341 1280 ⁴).
3432 1201 3505 1260 71
3560 1215 3823 1280 possum.
3916 1197 3996 1259 72
4050 1198 4113 1260 iu

901 1310 1100 1372 solito.
1167 1309 1247 1372 80
1296 1329 1454 1374 nunc
1498 1329 1740 1391 poenas.
1813 1309 1896 1373 82
1939 1311 2253 1391 diripuisse
2296 1310 2541 1386 ABCOE
2560 1311 2628 1391 E)
2648 1311 2713 1388 ⁸).
2760 1345 2845 1358 --
2894 1310 2995 1374 83.
3042 1310 3144 1374 84.
3192 1311 3290 1373 85.
3341 1307 3506 1388 86.⁶)
3552 1347 3635 1358 —-
3680 1311 3764 1374 84
3807 1309 4114 1374 liminibus

903 1422 1325 1502 ABCD(E)⁷).
1415 1422 1496 1486 88
1541 1442 1666 1486 non
1713 1442 1888 1486 unus.
1935 1424 2153 1487 saeviet
2199 1441 2330 1504 usq.
2418 1423 2501 1484 95
2548 1425 2931 1487 circumterit.

818 1535 876 1608 3,
909 1535 947 1596 4
995 1553 1156 1598 mors
1202 1555 1409 1616 precor
1455 1545 1602 1598 atra.
1671 1535 1747 1598 13
1794 1536 2038 1600 redituS.
2085 1554 2405 1616 nusquam,
2449 1537 2557 1608 vel,
2602 1537 2943 1618 quicquam.
3012 1540 3085 1599 14
3129 1554 3311 1618 quom
3360 1537 3548 1600 fleret.
3614 1537 3693 1599 17
3738 1537 3884 1598 dant
3912 1537 4114 1599 omina

905 1648 1050 1712 dira.
1143 1645 1220 1710 18
1265 1658 1366 1711 aut
1411 1648 1586 1712 deest.
1675 1648 1752 1710 21
1803 1667 1922 1712 neu
1967 1649 2118 1730 quis.
2211 1647 2290 1710 23
2337 1649 2485 1711 mihi
2530 1649 2709 1712 Delia.
2797 1649 2881 1711 24
2933 1669 3088 1724 aera,
3134 1651 3243 1719 vel,
3298 1651 3493 1713 sistra.
3582 1649 3665 1712 26
3710 1650 4115 1713 succubuisse.

903 1761 985 1822 29
1031 1761 1105 1822 Et
1149 1779 1294 1824 mea.
1386 1762 1466 1823 47
1513 1781 1687 1824 enses
1737 1781 1845 1824 ma.
1876 1781 1993 1825 sec.
2083 1761 2166 1824 54
2209 1761 2290 1824 sit
2331 1779 2531 1841 super.
2620 1761 2701 1824 58
2746 1764 2819 1824 ad
2868 1762 3111 1845 Elysios.
3184 1763 3266 1825 63
3314 1764 3387 1826 At
3432 1764 3737 1825 iuvenum.
3818 1763 3893 1823 71
3945 1761 4117 1825 Tunc

905 1873 1090 1954 niger.
1153 1874 1215 1936 in
1262 1883 1452 1954 porta.
1541 1874 1622 1935 75
1668 1873 1876 1936 Titios.
1965 1873 2048 1936 89
2093 1893 2170 1935 ne
2213 1875 2547 1955 quisquam.
2636 1874 2721 1936 93
2764 1875 2935 1938 Tunc
2976 1894 3205 1958 precor.

820 1988 880 2059 4,
913 1987 994 2048 22
1045 1987 1194 2050 freta
1251 1988 1440 2067 longa.
1528 1986 1609 2049 37
1666 1987 1892 2049 Baccho
1945 1987 2325 2068 Phoeboque.
2408 1987 2706 2050 iuventus.
2796 1987 2877 2050 39
2932 1988 3147 2051 licebit.
3246 1989 3329 2050 40
3382 1990 3595 2052 vincet.
3682 1989 3767 2050 44
3822 1987 4115 2053 admittat.

907 2101 988 2161 47
1035 2099 1216 2162 duros
1259 2099 1508 2163 labores.
1594 2099 1677 2162 48
1723 2118 1918 2182 opera.
2009 2101 2090 2161 55
2139 2119 2274 2162 mox
2315 2100 2543 2162 afferet.
2601 2101 2891 2182 afferet⁸).
2952 2101 3204 2181 roganti.
3266 2100 3347 2164 80
3392 2101 3653 2164 Diducat.
3718 2101 3795 2164 81
3833 2101 3963 2164 Heu
3991 2101 4117 2165 Heu

907 2229 1084 2294 quam
1128 2211 1430 2276 Marathus
1482 2214 1666 2275 lento.
1755 2211 1837 2276 83
1885 2213 2094 2293 turpis,
2139 2213 2252 2286 vel,
2299 2213 2509 2275 turbis.

822 2326 880 2396 5,
915 2325 953 2385 2
999 2322 1186 2388 abest.
1252 2324 1293 2386 3
1338 2324 1532 2387 turbo.
1603 2326 1641 2386 5
1690 2344 1798 2389 nec
1841 2324 2055 2388 dicere.
2127 2325 2166 2388 6
2211 2334 2348 2407 post
2392 2326 2557 2388 haec.
2617 2326 2875 2400 horrida,
2924 2328 3029 2402 vel,
3075 2345 3305 2407 aspera.
3376 2328 3413 2388 7
3458 2327 3641 2390 Parce
3684 2335 3883 2390 tamen
3930 2345 4117 2408 parce.

909 2437 949 2498 9
1003 2457 1139 2501 cum
1191 2437 1369 2501 tristi.
1461 2440 1534 2500 11
1593 2448 1651 2499 te
1711 2439 1952 2500 circum.
2056 2438 2133 2499 14
2193 2447 2286 2501 ter
2337 2449 2563 2501 sancta.
2657 2440 2735 2501 16
2795 2456 3009 2502 novem
3076 2439 3294 2501 circum
3362 2448 3556 2502 nocte.
3644 2437 3726 2501 23
3780 2440 3897 2502 Aut
3956 2439 4117 2502 mihi.

909 2550 990 2611 27
1039 2551 1156 2612 llle.
1216 2551 1450 2624 vitibus,
1497 2550 1605 2622 vel,
1649 2550 1962 2614 fructibus.
2039 2551 2120 2614 28
2167 2551 2280 2614 Pro
2327 2561 2527 2632 segete
2571 2560 2631 2614 et
2674 2571 2765 2633 sp.
2839 2551 2923 2614 29
2966 2551 3067 2614 lna
3113 2561 3299 2633 reget.
3374 2551 3455 2614 30
3501 2552 3769 2615 Adiuvet.
3842 2551 3927 2615 34
3967 2553 4122 2616 Huic

909 2673 1094 2744 paret.
1185 2662 1265 2726 35
1311 2663 1622 2745 Eurusque
1668 2663 1994 2746 Notusque.
2084 2664 2165 2726 45
2211 2665 2423 2728 Nereis
2468 2685 2619 2746 quae
2664 2665 2856 2728 Pelea.
2931 2664 3012 2726 52
3057 2666 3119 2728 in
3164 2665 3353 2728 tectis.
3430 2665 3510 2728 53
3558 2665 3887 2745 herbasque
3932 2666 4118 2746 sepul.

911 2776 992 2840 56
1049 2796 1082 2839 e
1138 2776 1346 2839 triviis.
1436 2777 1514 2840 61
1573 2778 1806 2858 Pauper
1859 2777 1974 2841 erit
2025 2787 2265 2860 praesto
2323 2777 2456 2841 tibi:
2519 2787 2754 2860 praesto
2808 2797 2985 2861 paup.
3030 2779 3121 2842 ad.
3213 2776 3296 2842 69
3345 2797 3469 2841 mea
3515 2778 3672 2841 furta
3716 2777 3955 2853 timeto,
4009 2780 4118 2852 vel,

912 2898 1132 2951 caveto.
1224 2889 1305 2951 72
1349 2899 1451 2953 aut
1497 2890 1725 2953 crebro.
1813 2891 1895 2953 74
1943 2902 2197 2955 exereat.
2272 2893 2401 2973 ipse
2444 2892 2626 2954 fores.
2715 2890 2799 2952 76
2842 2902 2945 2955 nat
2987 2892 3109 2954 tibi.

821 3004 878 3077 6,
911 3003 948 3066 3
998 3021 1204 3083 magna
1251 3012 1360 3065 est.
1451 3004 1488 3064 5
1539 3022 1674 3065 nam
1724 3005 1886 3066 mihi.
1978 3004 2055 3066 10
2117 3005 2231 3067 heu
2273 3005 2426 3086 {hem
2523 3006 2591 3066 11
2643 3012 2710 3075 ut
2752 3005 2897 3067 sola.
2966 3023 3128 3067 nunc
3173 3004 3398 3067 didicit.
3489 3002 3567 3067 18
3612 3003 3783 3067 lasso.
3862 3004 3944 3068 34
3989 3024 4118 3067 ser-

916 3136 1066 3189 vare,
1109 3117 1348 3180 frustra.
1409 3118 1491 3179 44
1535 3116 1645 3179 Est
1691 3117 1852 3179 mibi.
1920 3118 2001 3179 46
2047 3135 2170 3179 non
2216 3127 2277 3180 et
2319 3137 2548 3180 amanS.
2611 3117 2851 3180 verbera
2890 3126 3064 3179 torta.
3133 3118 3215 3179 50
3261 3126 3321 3179 et
3350 3118 3514 3179 canit
3543 3118 3781 3180 invitus.
3850 3116 3929 3180 52
3977 3118 4119 3181 Nec.

912 3229 994 3291 58
1050 3240 1272 3291 monet.
1371 3229 1454 3291 69
1510 3238 1654 3293 sunt
1710 3230 1910 3292 durae.
2005 3231 2084 3292 70
2139 3248 2385 3312 possum
2444 3248 2579 3309 ego,
2641 3230 2807 3312 quin.
2896 3230 2971 3291 71
3031 3238 3202 3311 putat
3254 3230 3573 3311 ducorque.
3663 3231 3744 3291 77
3788 3232 3895 3293 Ast
3949 3248 4120 3311 quae.

905 3340 988 3404 80
1035 3342 1251 3403 vellere
1296 3343 1469 3405 ducta
1515 3350 1701 3424 putat.
1779 3340 1862 3404 84
1909 3342 2148 3425 Spectat
2192 3353 2249 3406 et
2293 3343 2496 3406 infelix
2542 3344 2701 3425 quod
2748 3344 2826 3406 sit
2870 3362 2982 3405 ma.
3016 3362 3131 3405 sec.
3216 3342 3297 3405 86
3342 3352 3568 3409 stemus
3615 3354 3807 3424 uterq.
3853 3363 3968 3407 ma.
3998 3362 4119 3407 sec.

829 3454 956 3529 7,3
1021 3455 1364 3535 Equitanas.
1462 3457 1503 3518 4
1569 3458 1746 3529 Atax,
1814 3458 1928 3529 vel,
1995 3456 2200 3517 Arabs.
2304 3456 2343 3517 6
2412 3456 2651 3518 evictos.
2741 3453 2780 3516 8
2842 3456 3043 3517 nitidis
3100 3474 3333 3518 currus.
3422 3454 3461 3517 9
3521 3464 3619 3519 tua
3675 3455 3823 3519 bella
3877 3476 4121 3539 pyrene.

917 3570 994 3630 10
1025 3569 1376 3631 Sanctonici.
1443 3571 1515 3629 11
1549 3568 1744 3631 Testis
1775 3570 1906 3639 erit,
1938 3568 2048 3644 vel,
2079 3572 2239 3631 Arar.
2303 3568 2381 3630 12
2414 3568 2670 3631 Carnoti.
2735 3569 2811 3631 16
2845 3577 2969 3630 arat
2998 3568 3223 3631 Cilicas.
3295 3568 3377 3631 23
3420 3569 3662 3651 possim.
3734 3568 3814 3632 35
3856 3588 4120 3653 sopores.

917 3680 998 3743 42
1046 3683 1348 3763 compede,
1395 3682 1502 3757 vel,
1547 3681 1809 3763 cuspide.
1880 3682 2068 3762 pulsa,
2115 3682 2224 3756 vel,
2271 3682 2438 3744 victa.
2501 3681 2582 3744 43
2630 3700 2740 3743 nec
2768 3682 2985 3744 luctus.
3046 3683 3129 3743 44
3175 3690 3381 3745 cantus
3412 3692 3473 3745 et
3502 3683 3664 3744 levis.
3721 3682 3803 3745 49
3835 3682 4123 3745 Genium-

916 3814 1036 3876 que
1066 3795 1320 3857 choreis.
1381 3794 1536 3857 ludis
1573 3813 1684 3856 ma.
1710 3814 1829 3857 sec.
1893 3796 1968 3856 51
2002 3794 2165 3857 Illius
2199 3802 2274 3856 et.
2340 3796 2421 3857 54
2454 3796 2645 3857 mella.
2707 3796 2787 3857 57
2820 3795 2940 3858 Nec
2971 3804 3182 3895 taceat.
3237 3813 3412 3876 quam
3448 3794 3719 3858 Tuscula.
3783 3795 3856 3857 61
3896 3816 3929 3857 e
3958 3795 4124 3859 deest.

995 3951 1039 4016 ι)
1091 3950 1167 4003 Cf.
1205 3965 1333 4018 quae
1368 3952 1430 4003 de
1467 3951 1643 4002 codice
1694 3958 1990 4017 praemonet
2026 3950 2294 4002 Rothstein
2331 3952 2428 4013 (De
2463 3949 2660 4003 Tibulli
2706 3952 2991 4015 codicibus,
3040 3968 3116 4019 pg.
3144 3952 3259 4017 39):
3316 3951 3417 4002 ‘ubi
3454 3950 3578 4003 duas
3614 3951 3863 4001 lectiones
3898 3950 4127 4015 exbibet,

710 4054 918 4107 quarum
954 4038 1122 4089 altera
1157 4038 1342 4089 vocula
1377 4036 1490 4089 ‘vel’
1527 4036 1807 4099 inducitur,
1843 4038 2065 4089 secunda
2101 4038 2194 4087 illa
2231 4037 2380 4089 nihili
2418 4036 2653 4090 facienda
2689 4046 2772 4090 est
2804 4040 2893 4090 sed
2929 4046 3127 4106 sumpta
3163 4044 3245 4090 est
3280 4052 3345 4087 ex
3368 4036 3492 4088 aliis
3519 4036 3779 4087 codicibus
3816 4052 3977 4105 neque
4005 4053 4124 4089 raro

711 4126 969 4178 consentit
1014 4140 1127 4176 eum
1163 4124 1323 4189 {libris
1362 4124 1396 4174 Β
1433 4130 1524 4176 aut
1557 4123 1628 4176 C'.
1697 4124 1886 4176 Tamen
1933 4125 2051 4191 quid
2097 4124 2158 4173 de
2208 4123 2288 4176 bis
2335 4124 2625 4191 duplicibus
2672 4125 2867 4177 codicis
2903 4125 3183 4191 scripturis
3220 4124 3437 4176 sentiam
3474 4124 3653 4174 laboro
3690 4130 3961 4190 propterea
3997 4122 4126 4190 quod

711 4212 950 4265 Heinsius
1002 4212 1132 4264 alias
1185 4225 1336 4278 saepe
1389 4228 1562 4263 manus
1617 4211 1828 4277 primam
1885 4220 1940 4263 et
1987 4211 2254 4263 secunda·
2306 4212 2603 4263 nominatim
2656 4212 2907 4264 distinxit.
2978 4211 3029 4264 Iu
3066 4212 3260 4264 ceteris
3294 4226 3421 4278 quos
3456 4212 3541 4262 hic
3578 4210 3820 4262 Heinsius
3866 4211 4129 4277 excerpsit

715 4300 973 4352 codicibus
1013 4300 1140 4349 idem
1180 4298 1425 4349 occurrit.

997 4387 1042 4449 ²)
1093 4385 1339 4453 Suspicor
1383 4385 1640 4437 Heinsium
1697 4401 1932 4436 numeros
1983 4400 2222 4437 versuum
2274 4384 2327 4435 in
2376 4384 2562 4435 Aldina
2622 4400 2718 4435 uon
2770 4384 3059 4451 adscriptos
3107 4392 3479 4452 computantem
3534 4398 3739 4436 errasse
3796 4390 3849 4436 et
3901 4381 4127 4435 defuisse

715 4481 1079 4543 pentametrum
1118 4473 1167 4522 in
1207 4472 1295 4525 illa
1335 4472 1579 4525 traditum
1615 4473 1875 4523 ‘Securum
1917 4473 1965 4521 in
2004 4471 2233 4524 tenebris
2270 4485 2350 4522 me
2385 4469 2509 4522 facit
2556 4486 2671 4522 esse
2708 4470 2896 4523 Venns’
2934 4472 3022 4534 (de
3059 4488 3156 4538 quo
3194 4472 3325 4525 nihil
3361 4487 3390 4524 e
3428 4470 3692 4523 codicibus
3728 4478 3989 4523 enotatum
4026 4474 4127 4535 est)

713 4572 766 4618 et
803 4578 1005 4616 versum
1043 4564 1150 4613 25·
1190 4562 1411 4626 (numeri
1449 4567 1569 4611 sunt
1607 4559 1928 4621 Hilleriani).

999 4652 1044 4713 ⁸)
1095 4648 1188 4700 Hie
1245 4662 1369 4716 quae
1425 4662 1490 4698 ex
1543 4646 1654 4697 illis
1709 4644 1970 4697 codicibus
2009 4644 2248 4696 Heinsius
2305 4645 2503 4695 notarit
2557 4659 2617 4695 eo
2671 4645 2891 4696 consilio
2941 4646 3117 4708 trado,
3174 4652 3233 4695 ut
3278 4646 3330 4696 in
3375 4647 3551 4699 codiee
3588 4660 3623 4713 y
3672 4644 3921 4699 ‘Hecates'
3966 4642 4127 4695 fuisse

717 4738 890 4791 videri
926 4744 1184 4806 appareat.

999 4826 1044 4888 ⁴)
1096 4823 1296 4875 Littera
1333 4822 1378 4872 E
1414 4821 1674 4887 adscripta
1713 4827 1794 4872 est
1828 4819 1957 4870 stilo
1991 4818 2366 4887 plumbagineo,
2402 4816 2566 4870 forma
2604 4818 2929 4871 Heinsiauam
2963 4817 3219 4870 imitante.

999 4912 1043 4973 ⁸)
1097 4910 1330 4962 Litterae
1368 4906 1468 4957 DE
1504 4907 1792 4973 adscriptae
1831 4913 1950 4956 sunt
1985 4905 2110 4957 stilo
2149 4904 2503 4969 plumbagineo
2541 4920 2572 4957 a
2608 4921 2755 4957 manu
2792 4906 3005 4958 recenti.

1003 4998 1048 5060 ⁸)
1102 4997 1354 5049 Vei-suum
1391 4996 1570 5045 ordine
1607 4996 1655 5043 in
1693 4994 1883 5045 Mureti
1921 4994 2148 5044 editione
2183 4999 2377 5042 mutato
2414 4992 2653 5043 Heinsius
2688 5000 2885 5044 rectum
2922 4994 3139 5045 numeris
3174 4994 3384 5045 indicat.

1005 5084 1050 5149 ⁷)
1106 5083 1307 5135 Littera
1343 5081 1384 5133 Ε
1423 5082 1550 5133 stilo
1589 5080 1944 5148 plumbagineo
1982 5080 2241 5145 adscripta
2279 5086 2361 5130 est
2395 5094 2426 5129 a
2462 5093 2609 5130 mauu
2650 5080 2859 5130 recenti.

1003 5172 1049 5237 ⁸)
1101 5169 1288 5222 Iterum
1327 5174 1500 5220 notata
1539 5173 1620 5219 est
1654 5182 1757 5218 vox
1793 5167 1898 5218 alio
1935 5166 2150 5235 paginae
2185 5165 2316 5217 loco.
