4709 5675
2198 315 2595 377 -6-

701 499 879 570 atque
939 490 1236 569 diligentia
1296 491 1604 552 confectus
1661 491 1766 561 sit,
1830 491 2082 552 eundem
2129 491 2190 550 in
2238 491 2516 554 omnibus
2562 491 2789 573 paginis
2836 511 3113 554 versuum
3163 511 3479 555 numerum
3530 513 3681 558 esse.
3768 497 3917 560 Nam
3965 519 4099 561 cum

699 602 852 665 illius
901 601 1142 684 paginae
1189 603 1420 666 vicenos
1465 603 1633 664 binos
1681 621 1884 666 versus
1929 603 2236 666 continere
2281 606 2536 677 soleant,
2596 606 2755 667 nulla
2818 606 2889 667 ad
2936 605 3333 687 explicandam
3383 607 3839 673 inconstantiam
3886 612 4099 674 idonea

700 734 870 778 causa
916 715 1125 796 pagina
1171 714 1297 778 22a
1343 715 1610 778 continet
1651 715 1858 796 viginti
1907 715 2158 793 unum¹)
2205 717 2280 791 (ll
2315 718 2371 790 1,
2404 717 2712 798 44—64),
2772 727 2831 782 et
2887 718 2949 780 in
3009 718 3221 799 pagina
3266 719 3427 793 451»,
3487 738 3641 799 quae
3700 723 3905 802 viginti
3953 725 4099 790 duas

697 829 885 890 lineas
928 828 1120 901 habet,
1168 846 1283 890 una
1331 846 1508 889 vacua
1555 827 1756 889 relicta
1803 836 1896 890 est
1939 829 2034 905 (lv
2068 831 2128 902 6,
2162 826 2407 904 15--8‚
2440 828 2524 910 2).

985 941 1098 1004 Sed
1146 958 1349 1001 vereor
1393 957 1470 1001 ne
1515 941 1680 1021 quasi
1727 959 1860 1003 arce
1903 941 2022 1004 iam
2071 950 2235 1024 capta
2282 943 2539 1008 viculum
2584 943 2835 1024 aliquem
2884 944 3277 1025 nequicquam
3315 945 3633 1008 defendere
3664 945 3881 1008 videar.
3945 948 4093 1010 Nam

698 1071 820 1116 non
865 1053 1056 1114 solum
1091 1053 1402 1116 Rothstein
1452 1056 1568 1133 (pg.
1596 1052 1889 1135 1314sq.)
1935 1055 2079 1117 baec
2121 1054 2407 1136 disputat:
2456 1056 2631 1118 ‘Weit
2674 1055 3059 1135 geffihrlicher
3101 1057 3201 1119 fiir
3229 1057 3325 1121 die
3355 1058 3601 1122 Ansicht
3629 1058 3731 1121 des
3768 1059 4093 1123 Verrassers

698 1167 774 1226 ist
833 1165 936 1227 der
983 1165 1299 1236 Umstand‚
1363 1166 1494 1228 dass
1553 1166 1650 1229 die
1709 1165 2097 1247 Bebandlung
2157 1167 2264 1230 der
2322 1168 2634 1231 einzelnen
2696 1169 2946 1242 Stellen,
3005 1168 3113 1232 auf
3164 1170 3383 1233 welche
3442 1191 3509 1234 er
3564 1172 3692 1234 sich
3748 1171 3843 1234 bei
3899 1173 4095 1235 seiner

696 1278 1028 1359 llypotbese
1071 1284 1274 1347 stiitzt,
1321 1279 1675 1358 wenigstens
1721 1280 1886 1342 nicht
1930 1280 2246 1360 durcbweg
2292 1280 2696 1361 fiberzeugend
2740 1301 2813 1344 zu
2856 1282 2985 1344 sein
3030 1266 3283 1345 scheint.
3317 1317 3387 1327 —-
3429 1284 3557 1346 Von
3604 1285 4095 1349 entscbeidender

695 1393 1048 1471 Bedeutung
1091 1392 1190 1452 ssu·
1234 1391 1329 1453 die
1357 1391 1738 1471 Beurteilung
1781 1394 1886 1456 der
1927 1411 2152 1473 ganzen
2183 1393 2527 1474 Hypothese
2570 1395 2645 1456 ist
2687 1393 2867 1458 daher
2911 1394 3004 1457 die
3036 1394 3239 1475 Frage,
3286 1396 3361 1458 ob
3406 1396 3509 1459 des
3541 1397 3877 1460 Verfassers
3908 1399 4095 1462 Urteil

697 1505 842 1566 fiber
886 1505 982 1566 die
1025 1504 1240 1566 beiden
1285 1505 1674 1585 angel'fihrten
1722 1505 1944 1568 Stellen
1993 1507 2124 1584 [15‚
2159 1505 2259 1568 33.
2293 1508 2395 1584 47]
2441 1507 2655 1587 richtig
2694 1507 2791 1580 ist,
2853 1508 2975 1570 und
3022 1509 3124 1570 das
3172 1509 3330 1570 murs
3374 1509 3469 1570 ich
3522 1509 3585 1570 in
3630 1511 3845 1573 beiden
3892 1511 4091 1574 Fallen

696 1615 1066 1691 bestreiten'3
1111 1618 1212 1679 sed
1261 1618 1435 1679 etiam
1485 1616 1577 1679 Cr.
1627 1618 1792 1680 dicit:
1841 1617 1964 1680 ‘der
2008 1619 2386 1699 Angelpunkt
2430 1617 2711 1698 (15,-33)
2754 1620 2865 1699 gab
2911 1638 3025 1682 uns
3069 1639 3145 1683 zu
3173 1620 3567 1684 Vorbehalten
3610 1623 3851 1686 Anlal's’.
3942 1624 4098 1688 Haec

697 1740 760 1792 ut
803 1729 1133 1793 iudicarent
1178 1730 1283 1791 viri
1329 1730 1680 1804 doctissimi,
1741 1731 1990 1793 fortasse
2049 1734 2176 1813 ipse
2235 1751 2443 1812 parum
2506 1734 2819 1814 perspicuo
2865 1733 3097 1796 dicendi
3142 1752 3356 1814 genere
3401 1734 3691 1796 commisi.
3780 1737 4012 1798 Etenim
4060 1759 4097 1800 e

693 1861 867 1904 versu
913 1842 1026 1915 15,
1059 1841 1140 1905 33
1186 1850 1290 1904 aut
1332 1843 1576 1904 omnino
1622 1861 1695 1905 ex
1739 1863 1860 1906 uno
1903 1843 2208 1907 duobusve
2252 1845 2397 1908 locis
2442 1847 2611 1926 quasi
2656 1847 2952 1909 cardinem
3000 1866 3213 1910 causae
3256 1855 3459 1928 aptum
3507 1866 3639 1910 esse
3698 1847 3871 1910 etiam
3919 1859 4095 1930 atque

695 1954 868 2016 etiam
916 1973 1084 2034 nego.
1174 1956 1386 2018 Verum
1450 1967 1567 2029 est,
1627 1957 1970 2038 priusquam
2025 1958 2088 2019 in
2133 1959 2393 2020 carmine
2437 1958 2531 2020 15
2578 1959 2650 2021 de
2696 1959 2948 2022 secunda
2995 1969 3159 2041 parte
3204 1979 3409 2044 versus
3456 1960 3534 2022 47
3584 1961 3827 2023 totidem
3871 1960 4095 2024 litteras

693 2068 754 2129 in
801 2069 1002 2130 codice
1045 2078 1071 2129 t
1118 2068 1374 2132 defuisse
1421 2069 1602 2133 videri
1645 2071 2176 2133 animadverterem
2225 2079 2369 2152 quot
2414 2071 2487 2134 de
2526 2073 2768 2135 exordio
2802 2092 3003 2136 versus
3036 2072 3137 2147 33,
3181 2092 3277 2135 me
3308 2074 3382 2136 de
3414 2075 3678 2136 versibus
3710 2075 4093 2137 numerandis

695 2201 770 2242 ne
813 2181 1100 2261 cogitasse
1147 2181 1384 2262 quidem
1433 2191 1490 2243 et
1534 2183 1644 2244 hac
1688 2203 1754 2245 re
1795 2185 2197 2246 animadversa
2242 2184 2509 2265 coepisse
2554 2186 2833 2266 experiri,
2893 2187 2941 2246 si
2988 2187 3141 2249 iorte
3184 2187 3550 2268 corruptelae
3612 2196 3782 2250 antea
3828 2187 4095 2266 cognitae

694 2315 726 2356 e
772 2313 1047 2356 versuum
1094 2295 1155 2356 in
1200 2295 1401 2358 codice
1445 2305 1471 2356 t
1513 2297 1645 2358 loco
1691 2305 1853 2358 ortae
1899 2315 2028 2358 esse
2075 2306 2340 2378 possent.
2414 2299 2527 2360 Sed
2576 2309 2641 2361 ut
2685 2300 2797 2360 hoc
2839 2298 2991 2361 forte
3034 2301 3271 2362 fortuna
3318 2301 3537 2363 factum
3586 2309 3695 2374 est,
3740 2301 3817 2362 ita
3864 2299 4095 2362 etiamsi

694 2407 754 2467 in
800 2408 1062 2468 carmine
1091 2408 1117 2470 Ι
1149 2407 1186 2468 5
1236 2407 1452 2470 nullam
1501 2409 2015 2490 interpolationem
2063 2409 2583 2491 deprehendissem
2630 2429 2772 2473 casu
2817 2431 2887 2473 eo
2934 2413 3147 2473 deferri
3196 2423 3479 2492 poteram,
3526 2414 3681 2476 utin
3714 2415 3975 2476 carmine
4005 2415 4092 2476 16

691 2521 848 2582 inter
893 2539 1100 2582 versus
1145 2530 1460 2600 corruptos
1507 2522 1588 2582 42
1635 2529 1691 2584 et
1737 2521 1816 2582 72
1865 2541 2140 2585 versuum
2174 2521 2274 2596 29,
2321 2523 2384 2585 in
2432 2523 2693 2586 carmine
2738 2523 2859 2586 113
2902 2524 3061 2586 inter
3106 2543 3311 2586 versus
3356 2525 3436 2585 34
3484 2534 3543 2587 et
3573 2526 3655 2586 75
3700 2544 3977 2589 versuum
4012 2527 4091 2589 40

693 2634 946 2714 spatium
1009 2633 1370 2696 intercedere
1429 2633 1955 2697 animadverterem
2016 2645 2075 2698 et
2131 2635 2330 2712 hinc²)
2376 2637 2438 2698 in
2500 2637 2709 2700 codicis
2756 2646 2781 2698 t
2836 2637 3059 2718 paginis
3118 2641 3238 2699 fere
3284 2647 3607 2718 quaternos
3654 2639 3840 2700 denos
3887 2657 4093 2702 versus

690 2745 875 2807 fuisse
919 2746 1269 2825 suspicarer.
1338 2748 1428 2808 An
1473 2747 1526 2807 id
1576 2766 1774 2808 verum
1824 2767 1956 2810 esse
2001 2767 2123 2810 non
2169 2758 2365 2829 potest
2408 2750 2563 2830 quod
2611 2749 2741 2830 quis
2786 2769 2854 2811 se
2898 2767 3014 2811 non
3061 2749 3299 2830 ingenio
3344 2749 3673 2830 repperisse
3718 2751 3822 2811 sed
3867 2760 4093 2812 temere

691 2880 761 2921 ac
819 2860 1065 2921 fortuito
1127 2860 1426 2923 invenisse
1484 2858 1845 2924 confitetur?
1931 2864 2126 2943 Atque
2184 2862 2359 2924 etiam
2420 2861 2471 2924 si
2528 2862 2590 2924 in
2637 2864 2913 2927 omnibus
2958 2864 3043 2926 eis
3087 2864 3230 2925 locis
3276 2864 3351 2925 de
3393 2862 3611 2943 quibus
3654 2863 3734 2925 illi
3782 2864 3887 2924 viri
3934 2864 4089 2925 docti

691 2972 845 3033 aliud
893 2982 1070 3052 atque
1116 2990 1223 3051 ego
1268 2972 1549 3036 iudicium
1597 2977 1976 3055 protulerunt
2015 2974 2145 3037 illos
2189 2985 2420 3038 rectum
2469 2976 2681 3038 vidisse
2726 2976 3065 3050 concedam,
3110 2996 3283 3057 posse
3329 2984 3527 3039 tamen
3576 2976 4090 3039 ratiocinationem

691 3103 884 3145 meam
931 3103 1130 3147 veram
1177 3104 1309 3147 esse
1355 3086 1626 3147 dixerim.
1715 3087 1950 3149 Etenim
2007 3087 2120 3149 illis
2178 3088 2324 3151 locis
2369 3088 2627 3169 exceptis
2669 3090 2811 3150 satis
2858 3088 3027 3152 multi
3072 3089 3166 3151 vel
3209 3076 3471 3150 lacunosi
3519 3099 3721 3169 aperte
3768 3090 3855 3151 vel
3902 3090 4091 3151 inter·-

691 3197 992 3277 polatione
1037 3198 1350 3260 manifesta
1398 3209 1499 3260 aut
1541 3199 1830 3279 probabili
1874 3201 2086 3263 tentati
2122 3210 2351 3263 restant
2368 3199 2449 3275 ⁸):
2495 3219 2749 3282 quorum
2782 3202 3113 3282 corruptela
3145 3202 3279 3283 quia
3314 3202 3761 3282 explicationem
3797 3202 4096 3264 desiderat

691 3320 869 3390 atque
913 3311 1154 3389 flagitat,
1199 3312 1540 3393 priusquam
1589 3311 1756 3375 aliter
1799 3332 1869 3375 ac
1915 3314 2126 3376 melius
2169 3313 2451 3395 explicata
2498 3315 2611 3377 erit
2654 3332 2831 3395 quam
2879 3332 2987 3393 ego
3034 3334 3136 3377 eos
3180 3333 3385 3377 versus
3447 3322 3551 3376 aut
3594 3316 3655 3376 in
3700 3334 3937 3377 summo
3992 3322 4096 3377 aut

690 3424 750 3484 in
795 3424 1002 3486 infimo
1048 3424 1263 3487 codicis
1295 3434 1320 3487 t
1366 3425 1708 3506 paginarum
1757 3425 1886 3489 loco
1919 3428 2142 3507 positos
2173 3426 2357 3489 fuisse
2386 3428 2720 3507 suspicatus
2751 3428 3047 3508 explicavi,
3094 3438 3160 3490 ut
3187 3428 3339 3490 hanc
3375 3428 3819 3509 explicationem
3851 3427 4094 3491 abiciam

692 3537 964 3617 equidem
1011 3538 1277 3599 animum
1324 3537 1608 3600 inducere
1654 3556 1775 3599 non
1823 3548 2052 3619 potero.

976 3649 1178 3730 Neque
1237 3669 1378 3712 vero
1437 3652 1696 3713 concedo
1759 3653 2040 3715 omnibus
2094 3652 2210 3715 illis
2269 3652 2411 3715 locis
2474 3670 2603 3714 mea
2650 3665 2996 3728 argumenta
3052 3652 3299 3717 refutata
3347 3672 3493 3717 esse.
3586 3655 4097 3735 Recognoscamus

689 3762 867 3840 igitur
913 3760 1202 3841 singulos!

973 3872 1088 3949 13,
1121 3876 1222 3936 50.
1311 3876 1624 3939 Rotbstein
1685 3888 1743 3940 et
1803 3875 2048 3957 Magnus
2109 3875 2457 3940 vocabulum
2505 3877 2787 3957 ‘repente'
2846 3878 3116 3958 ineptum
3178 3881 3373 3953 esse⁴)
3419 3888 3656 3958 negant.
3749 3880 3939 3959 Atque
4000 3880 4099 3943 ille

977 4090 1019 4157 ²)
1072 4089 1126 4141 ln
1165 4090 1380 4157 paginae
1417 4092 1512 4141 21·
1557 4091 1694 4144 linea
1733 4092 1898 4159 prima
1934 4092 2058 4143 nihil
2098 4093 2343 4159 scriptum
2383 4099 2465 4144 est
2500 4092 2599 4144 nisi
2636 4090 2731 4144 Re·
2766 4094 3068 4161 (sequuntur
3104 4110 3287 4147 versus
3322 4094 3365 4146 n
3397 4095 3682 4159 1‚1-21);
3738 4096 3929 4148 ceteris
3965 4096 4097 4147 loeis

689 4176 812 4227 illud
851 4176 944 4227 Ro·
981 4178 1308 4239 coniungitur
1345 4193 1452 4227 cnm
1493 4180 1736 4230 carminis
1772 4179 1946 4244 titulo,
1982 4181 2112 4246 quod
2145 4181 2231 4231 hic
2268 4196 2466 4248 quoque
2503 4182 2616 4232 fleri
2656 4188 2858 4248 poterat
2896 4182 3103 4245 (titulus
3138 4182 3261 4233 libri
3289 4182 3630 4248 carminisque
3656 4183 3813 4233 estin
3840 4198 3920 4249 με.
3944 4184 4009 4235 20
4025 4184 4095 4249 b).

972 4266 1011 4327 ¹)
1068 4265 1133 4315 29
1171 4271 1291 4315 sunt
1327 4266 1540 4317 circiter
1579 4266 1610 4315 2
1636 4268 1689 4319 Χ
1721 4267 1804 4330 14,
1841 4268 1906 4317 40
1943 4266 2158 4317 circiter
2194 4268 2225 4317 3
2252 4272 2308 4329 ><
2338 4271 2418 4321 14.

973 4350 1013 4411 ³)
1069 4350 1136 4404 Ut
1171 4352 1402 4403 omittam
1441 4368 1528 4404 eos
1567 4368 1748 4404 versus
1784 4354 1870 4420 qui
1907 4354 2191 4405 levioribus
2226 4354 2375 4406 vitiis
2419 4354 2657 4406 labor-nt
2695 4363 2958 4406 remanent
2992 4355 3069 4405 bi:
3122 4353 3217 4419 12,
3243 4354 3310 4406 25
3346 4361 3515 4423 pent.;
3570 4354 3685 4420 (15,
3712 4356 3826 4423 47);
3882 4354 3975 4420 16,
4002 4358 4097 4417 42;

685 4436 780 4499 16,
807 4438 896 4501 723
949 4437 1132 4489 lacuna
1188 4446 1304 4505 post
1347 4437 1487 4505 110,
1521 4440 1613 4501 253
1668 4437 1787 4504 111,
1811 4440 1902 4505 583
1955 4438 2092 4505 (113,
2115 4442 2230 4505 34);
2287 4438 2326 4491 ΙΙ
2352 4442 2399 4505 3,
2427 4442 2519 4503 75;
2574 4440 2690 4507 114,
2715 4442 2797 4492 37.
2824 4442 2917 4501 38ς
2974 4438 3089 4505 115,
3112 4444 3171 4506 43
3226 4440 3313 4506 (111
3340 4442 3387 4506 2,
3424 4442 3504 4506 5);
3561 4440 3627 4494 111
3654 4446 3703 4507 5,
3728 4444 3784 4506 33
3838 4442 3903 4495 m
3928 4446 3975 4509 6,
4003 4444 4097 4508 52;

687 4523 824 4589 tvl,
852 4526 944 4589 553
981 4524 1048 4575 1v
1076 4525 1123 4590 5,
1156 4529 1200 4579 1.
1261 4525 1472 4579 Unciuis
1509 4528 1700 4577 inclusi
1738 4543 1827 4579 eos
1866 4528 2008 4579 locos
2047 4528 2109 4579 de
2148 4528 2332 4594 quibus
2370 4542 2661 4595 quamquam
2699 4528 2824 4579 mibi
2862 4528 3332 4595 exploratissimum
3372 4538 3453 4581 est
3489 4546 3664 4583 omnes
3701 4532 3913 4582 criticos
3952 4544 3982 4579 a
4017 4544 4097 4581 me

688 4618 918 4663 staturos
955 4627 1070 4663 esse
1107 4612 1322 4665 nondum
1359 4628 1525 4681 spero.

975 4698 1014 4764 ⁴)
1071 4701 1302 4752 Alterum
1342 4717 1438 4767 quo
1477 4700 1770 4753 Fridericus
1805 4702 1909 4753 Leo
1949 4701 2348 4764 (philologische
2386 4699 2839 4767 Untersnehnugeu
2878 4702 2939 4769 ΙΙ,
2981 4704 3127 4767 1881,
3162 4718 3243 4770 μς.
3273 4704 3356 4767 26)
3404 4705 3747 4757 coniecturam
3795 4718 3937 4754 suam
3980 4718 4101 4770 pro-

687 4786 833 4838 bavit
867 4794 1216 4851 argumentum
1255 4787 1523 4853 (zuu'a'chst
1559 4787 1818 4839 erfordert
1852 4804 1997 4840 mare
2040 4790 2120 4840 ein
2161 4789 2412 4853 Verbum,
2457 4791 2585 4840 deun
2624 4791 2713 4842 das
2750 4808 2813 4841 zu
2850 4790 3051 4857 caedes,
3086 4792 3319 4855 vulnera,
3358 4796 3469 4845 viae
3510 4810 3573 4843 zu
3608 4790 3922 4855 ergiuzende
3958 4792 4100 4856 giebt

685 4888 749 4923 zu
783 4890 928 4925 mare
961 4875 1141 4925 keiuen
1168 4874 1314 4938 Sino)
1353 4872 1595 4926 refellere
1632 4876 1832 4926 studuit
1859 4874 2070 4941 Magnus
2107 4892 2216 4926 cum
2255 4876 2692 4943 interpretaretur
2728 4878 2781 4939 (l.
2808 4878 2841 4927 1.
2880 4894 2960 4945 pg.
2989 4878 3136 4940 346);
3172 4877 3297 4929 ‘Fiir
3323 4880 3405 4931 die
3434 4878 3704 4929 Menscben
3730 4878 3821 4928 des
3845 4878 4095 4942 goldenen

685 4959 965 5012 Zeitalters
1004 4976 1110 5012 war
1147 4978 1202 5013 es
1239 4978 1296 5012 so
1331 4968 1440 5026 gut,
1477 4962 1555 5013 als
1591 4963 1864 5013 existierte
1902 4964 1991 5014 das
2031 4963 2173 5015 Meer
2208 4964 2369 5027 nicht,
2405 4965 2467 5015 da
2504 4964 2583 5016 sie
2622 4965 2789 5016 nichts
2828 4981 2923 5015 von
2962 4965 3238 5017 Schiffahrt
3275 4962 3526 5016 wul'sten’.
3588 4964 3743 5030 Quam
3782 4966 4098 5030 iuterpreta-

682 5047 872 5099 tiouem
926 5050 1027 5099 etsi
1079 5049 1282 5100 minime
1337 5050 1603 5116 comprobo
1659 5058 1822 5101 tamen
1879 5051 2082 5114 omitt03
2138 5052 2198 5101 de
2246 5067 2305 5102 ea
2353 5050 2487 5102 enim
2532 5052 2645 5118 quia
2694 5067 2875 5115 sensu,
2930 5068 3026 5101 uon
3077 5052 3393 5116 argumentis
3440 5058 3521 5101 est
3575 5051 3953 5117 disceptandum
4000 5068 4094 5103 suo

686 5136 896 5202 quisque
933 5135 1125 5186 iudicio
1162 5143 1352 5187 utatur.
