4709 5675
2121 343 2521 406 -5-

625 525 854 588 codices
898 523 1260 586 Tibullianos
1327 523 1632 584 excutiens
1691 522 1947 596 confeci,
2014 539 2134 583 non
2187 523 2317 584 sine
2377 522 2573 600 aliquo
2632 520 2842 601 gaudio
2900 520 3061 580 domi
3120 539 3253 580 cum
3302 520 3515 581 librum
3562 541 3613 581 a.
3651 518 3809 581 1893
3857 541 3886 580 a
3934 539 4027 581 me

627 637 975 714 emissum¹)
1027 635 1385 716 inspicerem
1439 637 1601 696 hunc
1645 652 1878 697 versum
1940 633 2327 696 animadverti
2390 635 2647 715 primum
2705 633 2889 695 fuisse
2934 633 3117 694 videri
3161 633 3221 692 in
3270 634 3475 714 pagina
3524 633 3715 694 antica
3774 633 3899 695 folii
3944 635 4025 695 47

631 750 844 813 codicis
890 761 1061 830 quem
1111 747 1194 811 ibi
1239 757 1265 808 t
1312 747 1630 809 nominavi.
1723 747 1838 821 Qui
1882 756 2209 808 concentus
2253 765 2375 828 quo
2421 746 2602 826 magis
2647 745 2978 827 inopinanti
3026 744 3169 806 mihi
3214 765 3278 806 se
3324 744 3536 807 obtulit
3582 780 3664 790 —
3709 765 3843 808 nam
3891 765 4027 808 cum

628 865 790 925 illum
836 861 1052 924 librum
1099 860 1420 922 scriberem
1469 871 1529 921 et
1573 859 1830 921 codicem
1866 879 1934 921 ex
1967 879 2084 940 quo
2125 859 2479 940 archetypus
2508 859 2839 938 descriptus
2870 868 2962 920 est
2991 858 3303 920 restituere
3332 876 3596 932 conarer,
3641 858 4029 939 discrepantis

631 976 799 1038 buius
844 993 1050 1036 versus
1093 972 1426 1054 scripturae
1471 973 1692 1034 nullam
1741 972 1917 1035 habui
1961 971 2250 1035 rationem
2303 1005 2373 1015 —
2426 991 2495 1033 eo
2540 971 2769 1050 gravior
2814 971 2959 1032 mihi
3002 971 3240 1050 quidem
3288 969 3519 1032 videtur
3563 989 3711 1032 esse.

858 1077 864 1082 ⁵
911 1085 1027 1148 Sed
1089 1086 1279 1166 ipsam
1355 1085 1512 1146 illam
1574 1085 1794 1148 codicis
1846 1095 1873 1149 t
1930 1084 2367 1147 restitutionem
2438 1084 2502 1145 in
2560 1083 2804 1146 dubium
2868 1091 3223 1145 vocaverunt
3282 1083 3541 1163 primum
3602 1083 4030 1146 Maximilianus

627 1198 941 1263 Rothstein
957 1198 1030 1278 ²),
1091 1197 1302 1260 deinde
1346 1198 1513 1276 Hugo
1557 1197 1800 1276 Magnus
1817 1197 1896 1278 ⁸),
1957 1206 2084 1258 tum
2131 1199 2220 1259 vir
2263 1197 2504 1277 quidam
2550 1197 2757 1260 doctus
2804 1197 2906 1276 qui
2952 1214 3236 1259 censurae
3278 1214 3422 1258 suae
3474 1214 3546 1258 ex
3588 1196 3745 1258 illius
3790 1196 4032 1277 libelli⁴)

627 1330 794 1374 more
839 1313 1058 1392 primas
1101 1319 1330 1372 tantum
1378 1310 1640 1372 nominis
1701 1311 1855 1392 apud
1902 1310 2232 1391 philologos
2279 1329 2399 1372 non
2445 1310 2628 1390 ignoti
2675 1310 2895 1372 litteras
2940 1309 3036 1372 Cr.
3082 1309 3509 1390 subscripsit⁸).
3598 1309 3763 1382 Quae
3822 1310 3883 1370 hi
3928 1311 4031 1372 viri

627 1423 956 1487 doctissimi
1003 1432 1433 1502 congesserunt
1477 1432 1826 1503 argumenta
1871 1443 1935 1486 ea
1981 1424 2318 1485 examinare
2364 1423 2423 1485 in
2470 1424 2670 1486 animo
2715 1422 2925 1492 habeo,
2992 1441 3117 1484 mea
3180 1423 3365 1503 magis
3423 1421 3731 1503 perspicua
3790 1423 4034 1485 reddere

631 1537 984 1600 confirmare
1041 1554 1256 1615 augere
1317 1536 1603 1598 conabor:
1670 1553 1792 1598 non
1841 1555 1960 1616 quo
2003 1536 2064 1597 in
2111 1535 2197 1598 eis
2243 1554 2393 1617 quae
2438 1537 2623 1597 semel
2668 1535 2966 1617 posuerim
3012 1536 3509 1617 perseverandum
3556 1536 3701 1597 mihi
3751 1555 3881 1598 esse
3925 1556 4033 1598 ex·-

630 1650 892 1712 istimem
937 1657 1040 1711 aut
1081 1667 1176 1710 res
1223 1648 1555 1729 probabiles
1599 1650 1690 1710 vel
1739 1649 1857 1710 veri
1904 1649 2279 1729 similes-pro
2324 1649 2476 1710 veris
2509 1649 2809 1710 venditare
2852 1649 3104 1729 cupiam,
3150 1649 3255 1710 sed
3301 1656 3368 1709 ut
3411 1668 3444 1709 e
3488 1649 3793 1711 communi
3837 1648 4035 1711 labore

634 1763 707 1824 ad
748 1761 1189 1842 interpretanda
1233 1771 1443 1842 poetae
1487 1762 1633 1824 tersi
1675 1769 1853 1842 atque
1897 1762 2178 1841 elegantis
2223 1761 2487 1824 carmina
2532 1761 2712 1843 aliqui
2756 1761 3006 1824 fortasse
3048 1761 3278 1824 fructus
3323 1761 3633 1823 redundet.

914 1879 998 1935 Ac
1041 1875 1299 1954 primum
1345 1873 1608 1954 quidem,
1651 1891 1797 1936 num
1849 1874 2118 1936 universa
2163 1873 2257 1936 illa
2301 1874 2523 1936 codicis
2561 1883 2585 1934 t
2631 1874 2982 1937 restituendi
3013 1875 3161 1938 ratio
3193 1874 3444 1936 obtineri
3474 1874 3683 1954 possit,
3731 1874 4033 1936 videamus

631 2005 804 2068 quam
853 1986 1226 2049 brevissime:
1295 2005 1491 2067 neque
1535 1987 1694 2050 enim
1742 1988 1800 2048 id
1847 2005 1976 2049 mea
2023 2005 2381 2068 magnopere
2428 1987 2703 2061 interest,
2763 1988 2981 2068 quippe
3032 1987 3134 2067 qui
3179 1988 3464 2050 calamum
3514 2006 3633 2048 non
3679 1987 4033 2068 sumpserim

627 2109 697 2163 ut
742 2098 964 2162 codicis
1007 2099 1254 2161 alicuius
1297 2100 1647 2178 paginarum
1691 2100 2228 2180 investigandarum
2275 2101 2570 2162 rationem
2618 2100 2955 2179 indagarem
2988 2109 3163 2180 atque
3193 2101 3541 2180 proferrem,
3587 2099 3691 2162 sed
3741 2108 3805 2161 ut
3849 2099 4031 2163 inter·

632 2211 1028 2294 pretationem
1077 2211 1451 2292 quorundam
1496 2213 1762 2274 locorum
1809 2213 2068 2274 iuvarem
2116 2213 2165 2274 si
2199 2231 2457 2292 possem.
2518 2214 2734 2274 Verum
2768 2230 2904 2273 cum
2938 2214 3207 2275 omnium
3242 2214 3340 2293 qui
3374 2213 3615 2274 criticen
3647 2211 4032 2274 Tibullianam

633 2333 911 2387 exercent
957 2324 1388 2405 philologorum
1436 2334 1565 2386 tum
1615 2343 1810 2386 meum
1858 2345 1986 2387 esse
2031 2325 2360 2386 existimavi
2406 2343 2711 2406 quaerere,
2758 2325 2859 2406 qui
2906 2325 3167 2404 potuerit
3199 2325 3345 2395 fleri,
3392 2335 3459 2388 ut
3488 2325 3585 2386 ille
3614 2325 3757 2388 satis
3790 2343 4035 2404 magnus

637 2439 979 2500 lacunarum
1027 2447 1086 2499 et
1128 2437 1649 2518 interpolationum
1696 2435 2048 2516 numerus⁶)
2092 2439 2152 2499 in
2195 2447 2426 2499 textum
2486 2439 2803 2518 irreperet,
2868 2437 3216 2518 praesertim
3278 2457 3412 2499 cum
3476 2438 3619 2500 tales
3664 2438 4036 2500 coniecturae

637 2558 768 2612 tum
836 2549 1076 2611 demum
1146 2568 1253 2630 pro
1306 2551 1427 2612 veri
1488 2550 1784 2612 similibus
1846 2550 2100 2613 debeant
2157 2549 2393 2620 haberi,
2459 2568 2595 2612 cum
2640 2551 2742 2630 qui
2789 2551 3086 2630 potuerint
3131 2551 3270 2612 oriri
3314 2551 3512 2631 aliquo
3562 2549 3741 2612 modo
3784 2550 4038 2631 probare

641 2661 900 2742 contigit.
989 2662 1160 2737 Quod
1227 2663 1406 2742 igitur
1458 2662 1774 2725 Rothstein
1839 2673 2044 2725 monet
2111 2682 2247 2724 cum
2315 2663 2493 2725 dicat:
2570 2663 2789 2725 ‘Schon
2850 2664 2953 2724 das
3015 2663 3092 2725 ist
3149 2663 3534 2733 bedenklich,
3602 2664 3733 2725 dal's
3792 2681 3857 2724 er
3900 2664 4035 2725 dem

638 2774 952 2837 Schreiber
995 2775 1100 2837 des
1144 2776 1513 2857 Archetypus
1573 2775 1708 2837 eine
1768 2775 1932 2837 nicht
1987 2776 2225 2855 geringe
2271 2775 2525 2839 Freiheit
2581 2777 2773 2839 lassen
2832 2777 3017 2849 muts,
3082 2776 3281 2839 neben
3343 2777 3448 2839 der
3492 2775 3881 2839 Normalseile
3926 2794 4037 2839 von

641 2892 718 2951 14
753 2888 948 2951 Zeilen
993 2889 1131 2950 laist
1163 2908 1228 2949 er
1264 2888 1340 2950 13
1373 2889 1495 2950 und
1531 2889 1608 2949 15
1640 2889 1833 2951 Zeilen
1866 2890 2038 2952 recht
2068 2890 2264 2969 haufig
2292 2889 2717 2961 vorkommen'‚
2766 2908 2907 2951 sane
2953 2908 3129 2970 quam
3176 2908 3350 2969 grave
3396 2900 3555 2952 esset
3598 2900 4035 2970 argumentum,

637 3002 688 3064 si
733 3002 851 3063 ullo
895 3002 1026 3063 loco
1075 3019 1202 3062 mea
1249 3003 1322 3063 de
1364 3002 1564 3064 codice
1605 3009 1632 3062 t
1689 3002 1982 3063 sententia
2045 3022 2116 3065 eo
2161 3020 2350 3064 essem
2400 3002 2707 3077 deductuS,
2762 3011 2829 3065 ut
2870 3004 3142 3065 traditam
3187 3003 3503 3065 lectionem
3550 3003 3899 3085 impugnare
3943 3004 4029 3063 in·

637 3117 932 3197 ciperem;
977 3115 1080 3175 sed
1129 3132 1239 3193 ego
1285 3113 1378 3175 illa
1427 3100 1707 3196 opinione
1751 3115 1830 3176 ita
1874 3124 2105 3177 tantum
2149 3132 2296 3177 usus
2342 3134 2476 3177 esse
2520 3116 2663 3177 mihi
2710 3116 2930 3189 videor,
2979 3124 3043 3176 ut
3075 3114 3209 3177 vitia
3240 3148 3323 3161 —
3354 3134 3607 3196 quorum
3655 3133 3861 3195 magna
3900 3133 4037 3195 pars

635 3228 708 3291 ab
781 3226 904 3290 aliis
973 3244 1170 3308 neque
1241 3246 1271 3288 a
1343 3244 1442 3288 me
1509 3245 1632 3289 uno
1702 3235 1804 3289 ant
1862 3228 2057 3308 primo
2117 3228 2350 3307 cognita
2410 3236 2501 3291 est
2557 3262 2639 3273 —-
2700 3228 2864 3291 aliis
2926 3227 3109 3290 rebus
3166 3228 3452 3309 patefacta
3527 3228 3707 3290 oriri
3778 3228 4039 3308 potuisse

637 3340 1030 3403 ostenderem.
1121 3340 1361 3401 Accedit
1412 3341 1600 3420 quod,
1662 3358 1775 3421 qua
1831 3340 1904 3402 de
1947 3358 2123 3403 causa
2171 3341 2425 3403 maiorve
2472 3342 2734 3403 minorve
2779 3360 3057 3403 versuum
3106 3359 3393 3403 numerus
3440 3360 3469 3401 a
3514 3340 3747 3402 librario
3794 3341 4039 3421 paginae

633 3453 960 3534 inscriptus
1027 3452 1132 3526 sit,
1197 3452 1442 3527 semel')
1495 3470 1616 3513 non
1681 3462 1875 3532 potest
1939 3453 2081 3526 dici,
2148 3454 2397 3534 semel⁸)
2458 3456 2579 3515 n'on
2641 3454 2993 3527 incredibili,
3061 3454 3327 3525 novies⁹)
3372 3454 3515 3515 satis
3560 3453 3847 3534 probabili
3892 3472 4036 3516 con-

637 3570 856 3631 iectura
904 3564 1176 3647 explicari
1225 3564 1525 3645 potest10).
1593 3563 1719 3626 Tali
1763 3574 1964 3627 autem
2009 3566 2073 3627 in
2117 3585 2182 3628 re
2229 3566 2328 3647 qui
2375 3568 2711 3629 adstrictam
2760 3568 3057 3647 quandam
3106 3568 3271 3647 quasi
3320 3568 3863 3629 mathematicorum
3916 3568 4039 3647 lege

633 3679 1028 3743 constantiam
1073 3676 1504 3759 requirunt¹¹),
1573 3679 1747 3740 velim
1794 3687 2075 3759 reputent
2121 3697 2198 3740 ne
2243 3680 2300 3741 in
2347 3680 2548 3741 codice
2591 3681 2636 3740 A
2682 3679 2948 3760 quidem,
3017 3680 3283 3761 quamvis
3350 3697 3559 3757 magna
3626 3679 4039 3760 aequabilitate

925 3844 971 3907 ¹)
1027 3840 1293 3893 Kritische
1327 3842 1693 3907 prolegomena
1729 3859 1790 3893 zu
1826 3840 2020 3906 Tibull,
2057 3843 2245 3908 Berlin,
2283 3844 2713 3896 Weidmsnnsche
2749 3845 3156 3909 Buehhandlung.

924 3928 969 3995 ²)
1025 3928 1450 3981 Wochensehrift
1484 3928 1569 3980 fiir
1606 3929 1891 3981 klassische
1929 3930 2233 3995 philologia,
2275 3930 2423 3997 1893,
2460 3946 2541 3998 pg.
2574 3931 2926 3983 1314—1318.

923 4016 968 4081 8)
1025 4017 1257 4067 Berliner
1289 4014 1674 4081 philologisebe
1701 4015 2138 4079 Wochenscbrift,
2179 4018 2330 4080 1893,
2366 4034 2445 4084 pg.
2480 4018 2832 4069 1546—1551.

919 4104 966 4167 ⁴)
1021 4103 1406 4155 Litorsriscbes
1443 4102 1808 4168 Ceutrslblatt,
1851 4103 1999 4167 1894,
2035 4119 2114 4171 pg.
2145 4103 2433 4154 360—361.

924 4189 968 4254 ⁸)
1022 4190 1234 4242 Veniam
1272 4190 1394 4243 mihi
1432 4190 1573 4243 dabit
1610 4190 1694 4241 vir
1731 4191 2066 4255 clarissimus,
2102 4191 2233 4257 quod
2270 4206 2365 4255 ego
2402 4191 2455 4241 iu
2492 4192 2587 4241 boe
2624 4190 2867 4258 opusculo
2904 4192 3079 4243 eodem
3116 4192 3250 4255 siglo
3289 4198 3423 4243 utor.

923 4278 968 4341 θ)
1021 4276 1288 4329 Rotbstein
1328 4277 1528 4344 quidem
1565 4277 1694 4327 dicit
1729 4292 1807 4343 pg.
1841 4278 1992 4330 1314:
2053 4278 2142 4328 ‘Da
2183 4276 2439 4328 mehrl'ach
2485 4294 2643 4342 gauzo
2682 4278 2846 4329 Verso
2891 4279 2942 4329 in
2991 4294 3205 4330 unserer
3242 4264 3633 4341 Uberlieferuug
3670 4280 3910 4331 verloren
3950 4296 4037 4343 ge-

631 4378 830 4427 gnngen
885 4364 998 4413 sind
1051 4364 1148 4413 und
1204 4364 1258 4413 in
1311 4364 1510 4428 einigen
1566 4363 1745 4414 Fillen
1803 4361 1885 4414 fiir
1935 4364 2170 4427 griissere
2209 4364 2473 4415 Versteile
2531 4366 2639 4416 sich
2686 4352 2963 4416 Khnliches
3022 4364 3113 4416 mit
3149 4364 3710 4416 strscheinlichkeit
3762 4366 4037 4416 anuebmen

632 4448 756 4501 lisst
793 4450 936 4511 ete.’;
991 4450 1202 4512 Mag-us
1239 4452 1500 4517 pg.1546:
1558 4450 1696 4501 *Ποῖα
1734 4452 1826 4501 der
1863 4452 2184 4519 Archetypus
2240 4452 2372 4503 aller
2409 4450 2792 4516 vollstiindigen
2832 4450 2964 4514 Hss„
3017 4452 3100 4501 die
3153 4451 3251 4501 wir
3308 4450 3555 4516 besitzeu,
3608 4450 4038 4517 Interpolatiouen

631 4538 868 4600 entbielt,
922 4536 992 4587 ist
1043 4537 1306 4599 bekannt’3
1362 4538 1446 4589 Cr.
1483 4553 1562 4605 pg.
1589 4538 1719 4589 360:
1775 4536 1846 4589 ‘In
1895 4540 2132 4589 munchen
2169 4536 2350 4589 Fauen
2390 4552 2497 4588 war
2532 4539 2621 4589 dns
2657 4538 2788 4599 [dass
2824 4535 3117 4589 schsdbnfte
3153 4536 3349 4589 Stellen
3388 4538 3475 4588 des
3512 4538 3837 4603 Archetypus
3883 4538 4037 4589 durch

631 4624 977 4690 Erfindnngen
1015 4624 1158 4675 eines
1195 4624 1586 4688 Abschreibers,
1622 4626 1782 4677 durch
1819 4624 2204 4692 interpolation,
2244 4622 2523 4688 ausgeftillt
2556 4624 2691 4689 sind]
2728 4625 2843 4675 eine
2880 4623 3192 4675 aner-kanuto
3219 4623 3523 4675 thrheit’.

921 4712 968 4775 ¹)
1022 4712 1076 4763 in
1111 4708 1256 4763 foliis
1295 4711 1360 4762 33
1397 4720 1450 4764 et
1486 4713 1568 4764 34.

921 4798 967 4862 ε)
1021 4799 1076 4847 in
1114 4797 1244 4848 folio
1281 4798 1363 4848 37.

925 4885 970 4948 ⁹)
1023 4886 1075 4936 in
1103 4884 1138 4937 f.
1163 4884 1362 4939 10-13
1387 4886 1658 4950 (quaterna
1683 4882 1792 4936 fere
1816 4883 1945 4936 folia
1971 4885 2218 4937 librarius
2245 4886 2399 4937 lineis
2426 4884 2729 4937 distinxisse
2756 4886 3013 4947 videtur);
3038 4882 3071 4935 f.
3099 4886 3161 4938 15
3175 4884 3367 4951 p-163
3394 4883 3427 4935 f.
3453 4885 3721 4950 18p-193
3748 4882 3780 4936 f.
3806 4884 4039 4947 23—243

632 4970 666 5023 f.
695 4970 997 5036 29-3131.
1025 4972 1192 5038 4731:
1219 4972 1356 5035 56„
1393 4970 1428 5023 f.
1457 4972 1596 5037 6593
1635 4970 1670 5023 f.
1699 4972 1962 5038 top—71.

899 5058 966 5121 ¹⁰)
1018 5056 1070 5110 Id
1108 5060 1242 5111 enim
1281 5059 1388 5123 egit
1424 5058 1689 5122 librarius,
1725 5066 1783 5109 ut
1819 5074 2020 5110 carmen
2057 5059 2262 5125 aliquod
2300 5074 2411 5110 eum
2449 5059 2628 5125 pagina
2666 5059 2919 5111 liniretur.

901 5144 968 5209 ²¹)
1005 5146 1145 5213 Quod
1163 5162 1257 5195 non
1273 5144 1836 5209 facitRothstein,dicit
1848 5146 1978 5196 enim
1995 5146 2276 5213 postverhs
2299 5161 2453 5211 snpra
2470 5146 2699 5197 laudata:
2720 5147 2838 5198 ‘Das
2858 5148 2925 5196 ist
2944 5145 3127 5209 gewiss
3146 5162 3207 5196 sn
3225 5145 3336 5195 sich
3356 5146 3497 5196 nieht
3515 5145 4039 5197 uuwnhrscheinlieb’.
