<?xml version="1.0" encoding="UTF-8"?>
<!DOCTYPE html PUBLIC "-//W3C//DTD XHTML 1.0 Transitional//EN"
    "http://www.w3.org/TR/xhtml1/DTD/xhtml1-transitional.dtd">
<html xmlns="http://www.w3.org/1999/xhtml" xml:lang="en" lang="en">
 <head>
  <title>
</title>
<meta http-equiv="Content-Type" content="text/html;charset=utf-8" />
  <meta name='ocr-system' content='tesseract 3.04.00' />
  <meta name='ocr-capabilities' content='ocr_page ocr_carea ocr_par ocr_line ocrx_word'/>
</head>
<body>
  <div class='ocr_page' id='page_1' title='image "./quaestionestibu00bellgoog_0022.png"; bbox 0 0 4709 5675; ppageno 0'>
   <div class='ocr_carea' id='block_1_1' title="bbox 2159 331 2599 393">
    <p class='ocr_par' dir='ltr' id='par_1_1' title="bbox 2159 331 2599 393">
     <span class='ocr_line' id='line_1_1' title="bbox 2159 331 2599 393; baseline -0.002 -15"><span class='ocrx_word' id='word_1_1' title='bbox 2159 331 2599 393; x_wconf 76' lang='lat'>..19—</span> 
     </span>
    </p>
   </div>
   <div class='ocr_carea' id='block_1_2' title="bbox 667 507 4099 3416">
    <p class='ocr_par' dir='ltr' id='par_1_2' title="bbox 667 507 4099 1942">
     <span class='ocr_line' id='line_1_2' title="bbox 667 507 4099 590; baseline -0.003 -13"><span class='ocrx_word' id='word_1_2' title='bbox 667 515 888 578; x_wconf 86' lang='lat' dir='ltr'><strong>libroV</strong></span> <span class='ocrx_word' id='word_1_3' title='bbox 933 522 1022 576; x_wconf 88' lang='lat' dir='ltr'><strong>‘ut</strong></span> <span class='ocrx_word' id='word_1_4' title='bbox 1065 510 1312 573; x_wconf 85' lang='lat' dir='ltr'><strong>videtur’</strong></span> <span class='ocrx_word' id='word_1_5' title='bbox 1359 513 1573 583; x_wconf 75' lang='lat' dir='ltr'><strong>omnia,</strong></span> <span class='ocrx_word' id='word_1_6' title='bbox 1633 509 1694 571; x_wconf 91' lang='lat' dir='ltr'><strong>in</strong></span> <span class='ocrx_word' id='word_1_7' title='bbox 1747 511 1788 571; x_wconf 99' lang='lat' dir='ltr'>A</span> <span class='ocrx_word' id='word_1_8' title='bbox 1835 512 2033 571; x_wconf 71' lang='lat' dir='ltr'><strong>omina</strong></span> <span class='ocrx_word' id='word_1_9' title='bbox 2075 509 2134 570; x_wconf 93' lang='lat' dir='ltr'><strong>in</strong></span> <span class='ocrx_word' id='word_1_10' title='bbox 2181 527 2295 571; x_wconf 87' lang='lat' dir='ltr'><strong>ras.</strong></span> <span class='ocrx_word' id='word_1_11' title='bbox 2350 509 2639 590; x_wconf 86' lang='lat' dir='ltr'><strong>scriptum</strong></span> <span class='ocrx_word' id='word_1_12' title='bbox 2688 526 2819 571; x_wconf 88' lang='lat' dir='ltr'><strong>esse</strong></span> <span class='ocrx_word' id='word_1_13' title='bbox 2880 507 3081 570; x_wconf 91' lang='lat' dir='ltr'><strong>docuit</strong></span> <span class='ocrx_word' id='word_1_14' title='bbox 3126 508 3324 569; x_wconf 84' lang='lat' dir='ltr'><strong>Hiller.</strong></span> <span class='ocrx_word' id='word_1_15' title='bbox 3415 508 3541 569; x_wconf 86' lang='lat' dir='ltr'><strong>Hoc</strong></span> <span class='ocrx_word' id='word_1_16' title='bbox 3584 507 3784 571; x_wconf 88' lang='lat' dir='ltr'><strong>codice</strong></span> <span class='ocrx_word' id='word_1_17' title='bbox 3829 516 4099 569; x_wconf 87' lang='lat' dir='ltr'><strong>accurate</strong></span> 
     </span>
     <span class='ocr_line' id='line_1_3' title="bbox 675 621 4097 709; baseline -0.002 -19"><span class='ocrx_word' id='word_1_18' title='bbox 675 629 944 709; x_wconf 89' lang='lat' dir='ltr'><strong>inspecto</strong></span> <span class='ocrx_word' id='word_1_19' title='bbox 987 624 1138 687; x_wconf 88' lang='lat' dir='ltr'><strong>addo</strong></span> <span class='ocrx_word' id='word_1_20' title='bbox 1185 642 1386 685; x_wconf 89' lang='lat' dir='ltr'><strong>vocem</strong></span> <span class='ocrx_word' id='word_1_21' title='bbox 1435 621 1672 685; x_wconf 87' lang='lat' dir='ltr'><strong>‘omina&#39;</strong></span> <span class='ocrx_word' id='word_1_22' title='bbox 1716 621 1832 685; x_wconf 85' lang='lat' dir='ltr'><strong>alio</strong></span> <span class='ocrx_word' id='word_1_23' title='bbox 1874 631 2210 684; x_wconf 86' lang='lat' dir='ltr'><strong>atramento</strong></span> <span class='ocrx_word' id='word_1_24' title='bbox 2255 630 2314 683; x_wconf 91' lang='lat' dir='ltr'><strong>et</strong></span> <span class='ocrx_word' id='word_1_25' title='bbox 2358 622 2616 686; x_wconf 77' lang='lat' dir='ltr'><strong>litteram</strong></span> <span class='ocrx_word' id='word_1_26' title='bbox 2650 640 2691 685; x_wconf 79' lang='lat' dir='ltr'><strong>o</strong></span> <span class='ocrx_word' id='word_1_27' title='bbox 2732 622 2899 683; x_wconf 90' lang='lat' dir='ltr'><strong>aliter</strong></span> <span class='ocrx_word' id='word_1_28' title='bbox 2944 621 3221 703; x_wconf 82' lang='lat' dir='ltr'><strong>scriptam</strong></span> <span class='ocrx_word' id='word_1_29' title='bbox 3270 638 3401 684; x_wconf 86' lang='lat' dir='ltr'><strong>esse</strong></span> <span class='ocrx_word' id='word_1_30' title='bbox 3456 628 3632 701; x_wconf 89' lang='lat' dir='ltr'><strong>atque</strong></span> <span class='ocrx_word' id='word_1_31' title='bbox 3682 621 3871 701; x_wconf 87' lang='lat' dir='ltr'><strong>prima</strong></span> <span class='ocrx_word' id='word_1_32' title='bbox 3920 636 4097 683; x_wconf 89' lang='lat' dir='ltr'><strong>manu</strong></span> 
     </span>
     <span class='ocr_line' id='line_1_4' title="bbox 671 733 4097 823; baseline -0.002 -20"><span class='ocrx_word' id='word_1_33' title='bbox 671 739 836 823; x_wconf 87' lang='lat' dir='ltr'><strong>pingi</strong></span> <span class='ocrx_word' id='word_1_34' title='bbox 894 740 1072 811; x_wconf 90' lang='lat' dir='ltr'><strong>solet,</strong></span> <span class='ocrx_word' id='word_1_35' title='bbox 1141 746 1208 799; x_wconf 89' lang='lat' dir='ltr'><strong>ut</strong></span> <span class='ocrx_word' id='word_1_36' title='bbox 1271 754 1348 799; x_wconf 90' lang='lat' dir='ltr'><strong>ne</strong></span> <span class='ocrx_word' id='word_1_37' title='bbox 1409 735 1628 798; x_wconf 88' lang='lat' dir='ltr'><strong>codicis</strong></span> <span class='ocrx_word' id='word_1_38' title='bbox 1672 735 1719 796; x_wconf 82' lang='lat' dir='ltr'>A</span> <span class='ocrx_word' id='word_1_39' title='bbox 1779 734 2020 813; x_wconf 89' lang='lat' dir='ltr'><strong>quidem</strong></span> <span class='ocrx_word' id='word_1_40' title='bbox 2085 734 2443 797; x_wconf 82' lang='lat' dir='ltr'><strong>auctoritate</strong></span> <span class='ocrx_word' id='word_1_41' title='bbox 2486 735 2716 813; x_wconf 84' lang='lat' dir='ltr'><strong>vulgata</strong></span> <span class='ocrx_word' id='word_1_42' title='bbox 2762 734 3051 815; x_wconf 89' lang='lat' dir='ltr'><strong>scriptura</strong></span> <span class='ocrx_word' id='word_1_43' title='bbox 3100 735 3534 815; x_wconf 80' lang='lat' dir='ltr'><strong>comprobetur.</strong></span> <span class='ocrx_word' id='word_1_44' title='bbox 3626 733 3791 807; x_wconf 83' lang='lat' dir='ltr'><strong>Quae</strong></span> <span class='ocrx_word' id='word_1_45' title='bbox 3835 752 3972 797; x_wconf 89' lang='lat' dir='ltr'><strong>cum</strong></span> <span class='ocrx_word' id='word_1_46' title='bbox 4020 735 4097 796; x_wconf 91' lang='lat' dir='ltr'><strong>ita</strong></span> 
     </span>
     <span class='ocr_line' id='line_1_5' title="bbox 671 846 4099 933; baseline -0.002 -18"><span class='ocrx_word' id='word_1_47' title='bbox 671 855 813 925; x_wconf 85' lang='lat' dir='ltr'><strong>sint,</strong></span> <span class='ocrx_word' id='word_1_48' title='bbox 859 851 1002 933; x_wconf 88' lang='lat' dir='ltr'><strong>quin</strong></span> <span class='ocrx_word' id='word_1_49' title='bbox 1049 849 1290 912; x_wconf 84' lang='lat' dir='ltr'><strong>‘omnia&#39;</strong></span> <span class='ocrx_word' id='word_1_50' title='bbox 1335 848 1775 911; x_wconf 88' lang='lat' dir='ltr'><strong>restituendum</strong></span> <span class='ocrx_word' id='word_1_51' title='bbox 1822 847 1900 909; x_wconf 84' lang='lat' dir='ltr'><strong>sit</strong></span> <span class='ocrx_word' id='word_1_52' title='bbox 1945 866 2014 908; x_wconf 92' lang='lat' dir='ltr'><strong>eo</strong></span> <span class='ocrx_word' id='word_1_53' title='bbox 2063 847 2262 909; x_wconf 87' lang='lat' dir='ltr'><strong>minus</strong></span> <span class='ocrx_word' id='word_1_54' title='bbox 2305 847 2535 921; x_wconf 87' lang='lat' dir='ltr'><strong>dubito,</strong></span> <span class='ocrx_word' id='word_1_55' title='bbox 2581 847 2739 927; x_wconf 88' lang='lat' dir='ltr'><strong>quod</strong></span> <span class='ocrx_word' id='word_1_56' title='bbox 2786 848 3119 909; x_wconf 87' lang='lat' dir='ltr'><strong>sententiae</strong></span> <span class='ocrx_word' id='word_1_57' title='bbox 3164 866 3403 929; x_wconf 87' lang='lat' dir='ltr'><strong>quoque</strong></span> <span class='ocrx_word' id='word_1_58' title='bbox 3444 846 3676 909; x_wconf 88' lang='lat' dir='ltr'><strong>ratione</strong></span> <span class='ocrx_word' id='word_1_59' title='bbox 3721 846 3917 909; x_wconf 87' lang='lat' dir='ltr'><strong>habita</strong></span> <span class='ocrx_word' id='word_1_60' title='bbox 3955 848 4099 909; x_wconf 85' lang='lat' dir='ltr'><strong>haec</strong></span> 
     </span>
     <span class='ocr_line' id='line_1_6' title="bbox 675 958 4098 1047; baseline -0.002 -20"><span class='ocrx_word' id='word_1_61' title='bbox 675 965 969 1047; x_wconf 83' lang='lat' dir='ltr'><strong>scriptura</strong></span> <span class='ocrx_word' id='word_1_62' title='bbox 1037 964 1120 1027; x_wconf 89' lang='lat' dir='ltr'><strong>illi</strong></span> <span class='ocrx_word' id='word_1_63' title='bbox 1189 962 1579 1043; x_wconf 77' lang='lat' dir='ltr'><strong>praeferenda</strong></span> <span class='ocrx_word' id='word_1_64' title='bbox 1635 961 1868 1023; x_wconf 86' lang='lat' dir='ltr'><strong>videtur</strong></span> <span class='ocrx_word' id='word_1_65' title='bbox 1921 978 2068 1023; x_wconf 87' lang='lat' dir='ltr'><strong>esse.</strong></span> <span class='ocrx_word' id='word_1_66' title='bbox 2158 958 2306 1020; x_wconf 88' lang='lat' dir='ltr'><strong>Nam</strong></span> <span class='ocrx_word' id='word_1_67' title='bbox 2366 960 2415 1021; x_wconf 91' lang='lat' dir='ltr'><strong>si</strong></span> <span class='ocrx_word' id='word_1_68' title='bbox 2473 958 2791 1039; x_wconf 85' lang='lat' dir='ltr'><strong>diligenter</strong></span> <span class='ocrx_word' id='word_1_69' title='bbox 2834 967 3179 1041; x_wconf 89' lang='lat' dir='ltr'><strong>reputamus</strong></span> <span class='ocrx_word' id='word_1_70' title='bbox 3224 978 3375 1039; x_wconf 84' lang='lat' dir='ltr'><strong>quae</strong></span> <span class='ocrx_word' id='word_1_71' title='bbox 3422 960 3507 1022; x_wconf 84' lang='lat' dir='ltr'><strong>vis</strong></span> <span class='ocrx_word' id='word_1_72' title='bbox 3552 958 3834 1022; x_wconf 86' lang='lat' dir='ltr'><strong>vocabulo</strong></span> <span class='ocrx_word' id='word_1_73' title='bbox 3880 958 4098 1021; x_wconf 82' lang='lat' dir='ltr'><strong>ominis</strong></span> 
     </span>
     <span class='ocr_line' id='line_1_7' title="bbox 669 1070 4095 1159; baseline -0.003 -18"><span class='ocrx_word' id='word_1_74' title='bbox 669 1077 862 1141; x_wconf 85' lang='lat' dir='ltr'><strong>subsit</strong></span> <span class='ocrx_word' id='word_1_75' title='bbox 880 1077 946 1157; x_wconf 86' lang='lat'><strong>¹),</strong></span> <span class='ocrx_word' id='word_1_76' title='bbox 995 1096 1115 1159; x_wconf 88' lang='lat' dir='ltr'><strong>quo</strong></span> <span class='ocrx_word' id='word_1_77' title='bbox 1165 1075 1342 1138; x_wconf 90' lang='lat' dir='ltr'><strong>modo</strong></span> <span class='ocrx_word' id='word_1_78' title='bbox 1389 1092 1538 1155; x_wconf 89' lang='lat' dir='ltr'><strong>puer</strong></span> <span class='ocrx_word' id='word_1_79' title='bbox 1581 1073 1680 1135; x_wconf 91' lang='lat' dir='ltr'><strong>ille</strong></span> <span class='ocrx_word' id='word_1_80' title='bbox 1723 1071 2149 1152; x_wconf 85' lang='lat' dir='ltr'><strong>sortilegus⁸)</strong></span> <span class='ocrx_word' id='word_1_81' title='bbox 2195 1071 2393 1135; x_wconf 83' lang='lat' dir='ltr'><strong>Deliae</strong></span> <span class='ocrx_word' id='word_1_82' title='bbox 2436 1072 2673 1135; x_wconf 90' lang='lat' dir='ltr'><strong>omina</strong></span> <span class='ocrx_word' id='word_1_83' title='bbox 2721 1075 2945 1135; x_wconf 75' lang='lat' dir='ltr'><strong>referre</strong></span> <span class='ocrx_word' id='word_1_84' title='bbox 2987 1073 3250 1153; x_wconf 88' lang='lat' dir='ltr'><strong>potuerit</strong></span> <span class='ocrx_word' id='word_1_85' title='bbox 3290 1090 3413 1135; x_wconf 90' lang='lat' dir='ltr'><strong>non</strong></span> <span class='ocrx_word' id='word_1_86' title='bbox 3442 1071 3831 1151; x_wconf 82' lang='lat' dir='ltr'><strong>intellegitur3</strong></span> <span class='ocrx_word' id='word_1_87' title='bbox 3876 1070 4095 1135; x_wconf 82' lang='lat' dir='ltr'><strong>etenim</strong></span> 
     </span>
     <span class='ocr_line' id='line_1_8' title="bbox 667 1184 4097 1267; baseline -0.002 -12"><span class='ocrx_word' id='word_1_88' title='bbox 667 1194 900 1255; x_wconf 87' lang='lat' dir='ltr'><strong>diversa</strong></span> <span class='ocrx_word' id='word_1_89' title='bbox 949 1188 1327 1253; x_wconf 77' lang='lat' dir='ltr'><strong>divinationis</strong></span> <span class='ocrx_word' id='word_1_90' title='bbox 1370 1204 1586 1266; x_wconf 87' lang='lat' dir='ltr'><strong>genera</strong></span> <span class='ocrx_word' id='word_1_91' title='bbox 1631 1198 1774 1248; x_wconf 86' lang='lat' dir='ltr'><strong>sunt</strong></span> <span class='ocrx_word' id='word_1_92' title='bbox 1817 1186 2014 1247; x_wconf 87' lang='lat' dir='ltr'><strong>omina</strong></span> <span class='ocrx_word' id='word_1_93' title='bbox 2061 1194 2123 1247; x_wconf 89' lang='lat' dir='ltr'><strong>et</strong></span> <span class='ocrx_word' id='word_1_94' title='bbox 2167 1194 2381 1248; x_wconf 86' lang='lat' dir='ltr'><strong>sortes.</strong></span> <span class='ocrx_word' id='word_1_95' title='bbox 2449 1186 2643 1266; x_wconf 83' lang='lat' dir='ltr'><strong>Atque</strong></span> <span class='ocrx_word' id='word_1_96' title='bbox 2686 1186 2861 1248; x_wconf 89' lang='lat' dir='ltr'><strong>etiam</strong></span> <span class='ocrx_word' id='word_1_97' title='bbox 2908 1201 3056 1248; x_wconf 86' lang='lat' dir='ltr'><strong>num</strong></span> <span class='ocrx_word' id='word_1_98' title='bbox 3102 1184 3305 1249; x_wconf 87' lang='lat' dir='ltr'><strong>omina</strong></span> <span class='ocrx_word' id='word_1_99' title='bbox 3352 1195 3507 1249; x_wconf 88' lang='lat' dir='ltr'><strong>certa</strong></span> <span class='ocrx_word' id='word_1_100' title='bbox 3554 1186 3853 1249; x_wconf 76' lang='lat' dir='ltr'><strong>incertave</strong></span> <span class='ocrx_word' id='word_1_101' title='bbox 3898 1186 4097 1267; x_wconf 86' lang='lat' dir='ltr'><strong>potius</strong></span> 
     </span>
     <span class='ocr_line' id='line_1_9' title="bbox 669 1296 4096 1387; baseline -0.003 -19"><span class='ocrx_word' id='word_1_102' title='bbox 669 1322 850 1387; x_wconf 89' lang='lat' dir='ltr'><strong>quam</strong></span> <span class='ocrx_word' id='word_1_103' title='bbox 895 1302 1086 1365; x_wconf 82' lang='lat' dir='ltr'><strong>fausta</strong></span> <span class='ocrx_word' id='word_1_104' title='bbox 1133 1302 1331 1364; x_wconf 83' lang='lat' dir='ltr'><strong>dirave</strong></span> <span class='ocrx_word' id='word_1_105' title='bbox 1373 1299 1662 1379; x_wconf 71' lang='lat' dir='ltr'><strong>distingui</strong></span> <span class='ocrx_word' id='word_1_106' title='bbox 1707 1296 2024 1361; x_wconf 83' lang='lat' dir='ltr'><strong>debuerint</strong></span> <span class='ocrx_word' id='word_1_107' title='bbox 2070 1297 2239 1360; x_wconf 88' lang='lat' dir='ltr'><strong>valde</strong></span> <span class='ocrx_word' id='word_1_108' title='bbox 2285 1296 2515 1361; x_wconf 86' lang='lat' dir='ltr'><strong>dubito.</strong></span> <span class='ocrx_word' id='word_1_109' title='bbox 2606 1298 2831 1372; x_wconf 85' lang='lat' dir='ltr'><strong>Quodsi</strong></span> <span class='ocrx_word' id='word_1_110' title='bbox 2879 1316 3015 1361; x_wconf 87' lang='lat' dir='ltr'><strong>cum</strong></span> <span class='ocrx_word' id='word_1_111' title='bbox 3060 1298 3363 1362; x_wconf 83' lang='lat' dir='ltr'><strong>codicibus</strong></span> <span class='ocrx_word' id='word_1_112' title='bbox 3384 1296 3435 1377; x_wconf 86' lang='lat'><strong>⁸)</strong></span> <span class='ocrx_word' id='word_1_113' title='bbox 3478 1298 3713 1362; x_wconf 84' lang='lat' dir='ltr'><strong>‘omnia’</strong></span> <span class='ocrx_word' id='word_1_114' title='bbox 3760 1296 4096 1370; x_wconf 88' lang='lat' dir='ltr'><strong>scribimus,</strong></span> 
     </span>
     <span class='ocr_line' id='line_1_10' title="bbox 671 1410 4093 1493; baseline -0.002 -13"><span class='ocrx_word' id='word_1_115' title='bbox 671 1438 706 1480; x_wconf 92' lang='lat' dir='ltr'><strong>e</strong></span> <span class='ocrx_word' id='word_1_116' title='bbox 749 1417 940 1481; x_wconf 77' lang='lat' dir='ltr'><strong>triviis</strong></span> <span class='ocrx_word' id='word_1_117' title='bbox 985 1414 1204 1477; x_wconf 85' lang='lat' dir='ltr'><strong>‘omnia</strong></span> <span class='ocrx_word' id='word_1_118' title='bbox 1250 1413 1428 1476; x_wconf 85' lang='lat' dir='ltr'><strong>certa&#39;</strong></span> <span class='ocrx_word' id='word_1_119' title='bbox 1471 1412 1680 1475; x_wconf 79' lang='lat' dir='ltr'><strong>referri</strong></span> <span class='ocrx_word' id='word_1_120' title='bbox 1727 1427 1850 1474; x_wconf 89' lang='lat' dir='ltr'><strong>non</strong></span> <span class='ocrx_word' id='word_1_121' title='bbox 1894 1410 2190 1492; x_wconf 86' lang='lat' dir='ltr'><strong>potuisse,</strong></span> <span class='ocrx_word' id='word_1_122' title='bbox 2254 1432 2287 1474; x_wconf 91' lang='lat' dir='ltr'><strong>e</strong></span> <span class='ocrx_word' id='word_1_123' title='bbox 2331 1411 2571 1491; x_wconf 79' lang='lat' dir='ltr'><strong>trinis⁴)</strong></span> <span class='ocrx_word' id='word_1_124' title='bbox 2614 1411 2879 1473; x_wconf 88' lang='lat' dir='ltr'><strong>sortibus</strong></span> <span class='ocrx_word' id='word_1_125' title='bbox 2921 1412 3191 1493; x_wconf 88' lang='lat' dir='ltr'><strong>potuisse</strong></span> <span class='ocrx_word' id='word_1_126' title='bbox 3234 1420 3496 1493; x_wconf 88' lang='lat' dir='ltr'><strong>apparet.</strong></span> <span class='ocrx_word' id='word_1_127' title='bbox 3585 1410 3731 1475; x_wconf 88' lang='lat' dir='ltr'><strong>Nam</strong></span> <span class='ocrx_word' id='word_1_128' title='bbox 3776 1410 3827 1473; x_wconf 87' lang='lat' dir='ltr'><strong>si</strong></span> <span class='ocrx_word' id='word_1_129' title='bbox 3874 1411 4093 1473; x_wconf 87' lang='lat' dir='ltr'><strong>Deliam</strong></span> 
     </span>
     <span class='ocr_line' id='line_1_11' title="bbox 673 1523 4096 1611; baseline -0.001 -20"><span class='ocrx_word' id='word_1_130' title='bbox 673 1531 952 1611; x_wconf 87' lang='lat' dir='ltr'><strong>ponimus</strong></span> <span class='ocrx_word' id='word_1_131' title='bbox 998 1528 1363 1609; x_wconf 71' lang='lat' dir='ltr'><strong>quaesivisse</strong></span> <span class='ocrx_word' id='word_1_132' title='bbox 1407 1532 1724 1587; x_wconf 88' lang='lat' dir='ltr'><strong>certumne</strong></span> <span class='ocrx_word' id='word_1_133' title='bbox 1768 1533 1933 1586; x_wconf 87' lang='lat' dir='ltr'><strong>esset</strong></span> <span class='ocrx_word' id='word_1_134' title='bbox 1977 1523 2034 1585; x_wconf 90' lang='lat' dir='ltr'><strong>id</strong></span> <span class='ocrx_word' id='word_1_135' title='bbox 2081 1524 2240 1604; x_wconf 89' lang='lat' dir='ltr'><strong>quod</strong></span> <span class='ocrx_word' id='word_1_136' title='bbox 2287 1524 2575 1604; x_wconf 83' lang='lat' dir='ltr'><strong>cogitaret</strong></span> <span class='ocrx_word' id='word_1_137' title='bbox 2618 1556 2703 1571; x_wconf 92' lang='lat'><strong>-—</strong></span> <span class='ocrx_word' id='word_1_138' title='bbox 2749 1525 3041 1605; x_wconf 76' lang='lat' dir='ltr'><strong>cogitabat</strong></span> <span class='ocrx_word' id='word_1_139' title='bbox 3084 1533 3281 1588; x_wconf 90' lang='lat' dir='ltr'><strong>autem</strong></span> <span class='ocrx_word' id='word_1_140' title='bbox 3330 1527 3405 1588; x_wconf 89' lang='lat' dir='ltr'><strong>de</strong></span> <span class='ocrx_word' id='word_1_141' title='bbox 3448 1524 3665 1589; x_wconf 83' lang='lat' dir='ltr'><strong>Tibulli</strong></span> <span class='ocrx_word' id='word_1_142' title='bbox 3710 1524 3969 1605; x_wconf 80' lang='lat' dir='ltr'><strong>reditu⁸)</strong></span> <span class='ocrx_word' id='word_1_143' title='bbox 4014 1562 4096 1573; x_wconf 90' lang='grc'><strong>-</strong></span> 
     </span>
     <span class='ocr_line' id='line_1_12' title="bbox 673 1636 4096 1727; baseline -0.002 -20"><span class='ocrx_word' id='word_1_144' title='bbox 673 1652 804 1727; x_wconf 84' lang='lat' dir='ltr'><strong>apte</strong></span> <span class='ocrx_word' id='word_1_145' title='bbox 847 1641 1158 1721; x_wconf 85' lang='lat' dir='ltr'><strong>sortilegus</strong></span> <span class='ocrx_word' id='word_1_146' title='bbox 1213 1658 1246 1701; x_wconf 87' lang='lat' dir='ltr'><strong>e</strong></span> <span class='ocrx_word' id='word_1_147' title='bbox 1296 1639 1560 1701; x_wconf 87' lang='lat' dir='ltr'><strong>sortibus</strong></span> <span class='ocrx_word' id='word_1_148' title='bbox 1609 1638 1842 1701; x_wconf 85' lang='lat' dir='ltr'><strong>videtur</strong></span> <span class='ocrx_word' id='word_1_149' title='bbox 1891 1638 2318 1719; x_wconf 85' lang='lat' dir='ltr'><strong>respondisse:</strong></span> <span class='ocrx_word' id='word_1_150' title='bbox 2354 1636 2676 1717; x_wconf 79' lang='lat' dir='ltr'><strong>certum⁶);</strong></span> <span class='ocrx_word' id='word_1_151' title='bbox 2730 1654 2865 1700; x_wconf 89' lang='lat' dir='ltr'><strong>cum</strong></span> <span class='ocrx_word' id='word_1_152' title='bbox 2924 1639 3018 1702; x_wconf 86' lang='lat' dir='ltr'><strong>ille</strong></span> <span class='ocrx_word' id='word_1_153' title='bbox 3072 1646 3163 1701; x_wconf 89' lang='lat' dir='ltr'><strong>ter</strong></span> <span class='ocrx_word' id='word_1_154' title='bbox 3215 1638 3617 1721; x_wconf 80' lang='lat' dir='ltr'><strong>quaesivisset,</strong></span> <span class='ocrx_word' id='word_1_155' title='bbox 3670 1638 3766 1701; x_wconf 89' lang='lat' dir='ltr'><strong>hic</strong></span> <span class='ocrx_word' id='word_1_156' title='bbox 3820 1658 3853 1701; x_wconf 89' lang='lat' dir='ltr'><strong>e</strong></span> <span class='ocrx_word' id='word_1_157' title='bbox 3906 1638 4096 1703; x_wconf 87' lang='lat' dir='ltr'><strong>tribus</strong></span> 
     </span>
     <span class='ocr_line' id='line_1_13' title="bbox 674 1749 4099 1833; baseline -0.002 -15"><span class='ocrx_word' id='word_1_158' title='bbox 674 1753 1086 1819; x_wconf 87' lang='lat' dir='ltr'><strong>sortitionibus</strong></span> <span class='ocrx_word' id='word_1_159' title='bbox 1131 1753 1332 1815; x_wconf 86' lang='lat' dir='ltr'><strong>omnia</strong></span> <span class='ocrx_word' id='word_1_160' title='bbox 1373 1760 1532 1815; x_wconf 90' lang='lat' dir='ltr'><strong>certa</strong></span> <span class='ocrx_word' id='word_1_161' title='bbox 1547 1751 1594 1827; x_wconf 89' lang='lat'><strong>⁷)</strong></span> <span class='ocrx_word' id='word_1_162' title='bbox 1639 1749 1944 1813; x_wconf 89' lang='lat' dir='ltr'><strong>rettulisse</strong></span> <span class='ocrx_word' id='word_1_163' title='bbox 1985 1760 2147 1815; x_wconf 89' lang='lat' dir='ltr'><strong>recte</strong></span> <span class='ocrx_word' id='word_1_164' title='bbox 2191 1750 2426 1813; x_wconf 87' lang='lat' dir='ltr'><strong>dicitur.</strong></span> <span class='ocrx_word' id='word_1_165' title='bbox 2515 1750 2600 1813; x_wconf 82' lang='lat' dir='ltr'><strong>lta</strong></span> <span class='ocrx_word' id='word_1_166' title='bbox 2659 1758 2895 1825; x_wconf 86' lang='lat' dir='ltr'><strong>cuncta,</strong></span> <span class='ocrx_word' id='word_1_167' title='bbox 2960 1760 3019 1814; x_wconf 93' lang='lat' dir='ltr'><strong>et</strong></span> <span class='ocrx_word' id='word_1_168' title='bbox 3073 1751 3168 1814; x_wconf 89' lang='lat' dir='ltr'><strong>dei</strong></span> <span class='ocrx_word' id='word_1_169' title='bbox 3214 1768 3367 1833; x_wconf 90' lang='lat' dir='ltr'><strong>quos</strong></span> <span class='ocrx_word' id='word_1_170' title='bbox 3412 1751 3569 1815; x_wconf 85' lang='lat' dir='ltr'><strong>Delia</strong></span> <span class='ocrx_word' id='word_1_171' title='bbox 3614 1751 3995 1815; x_wconf 88' lang='lat' dir='ltr'><strong>consuluerat</strong></span> <span class='ocrx_word' id='word_1_172' title='bbox 4038 1760 4099 1812; x_wconf 87' lang='lat' dir='ltr'><strong>et</strong></span> 
     </span>
     <span class='ocr_line' id='line_1_14' title="bbox 671 1840 2770 1942; baseline -0.004 -11"><span class='ocrx_word' id='word_1_173' title='bbox 671 1876 865 1931; x_wconf 87' lang='lat' dir='ltr'><strong>sortes</strong></span> <span class='ocrx_word' id='word_1_174' title='bbox 909 1875 1006 1930; x_wconf 90' lang='lat' dir='ltr'><strong>ter</strong></span> <span class='ocrx_word' id='word_1_175' title='bbox 1049 1866 1332 1937; x_wconf 76' lang='lat' dir='ltr'><strong>sublatae,</strong></span> <span class='ocrx_word' id='word_1_176' title='bbox 1378 1864 1608 1927; x_wconf 88' lang='lat' dir='ltr'><strong>reditus</strong></span> <span class='ocrx_word' id='word_1_177' title='bbox 1624 1862 1678 1940; x_wconf 81' lang='lat'><strong>⁸)</strong></span> <span class='ocrx_word' id='word_1_178' title='bbox 1723 1862 2027 1942; x_wconf 74' lang='lat' dir='ltr'><strong>dabant0).</strong></span> <span class='ocrx_word' id='word_1_179' title='bbox 2758 1840 2770 1849; x_wconf 62' lang='grc'>’</span> 
     </span>
    </p>

    <p class='ocr_par' dir='ltr' id='par_1_3' title="bbox 669 1972 4095 2511">
     <span class='ocr_line' id='line_1_15' title="bbox 958 1972 4095 2057; baseline -0 -16"><span class='ocrx_word' id='word_1_180' title='bbox 958 1980 984 2041; x_wconf 95' lang='lat'>1</span> <span class='ocrx_word' id='word_1_181' title='bbox 1029 1979 1097 2053; x_wconf 82' lang='lat'><strong>9,</strong></span> <span class='ocrx_word' id='word_1_182' title='bbox 1141 1976 1239 2040; x_wconf 85' lang='grc'><strong>19.</strong></span> <span class='ocrx_word' id='word_1_183' title='bbox 1329 1977 1466 2040; x_wconf 83' lang='grc' dir='ltr'>Νοιι</span> <span class='ocrx_word' id='word_1_184' title='bbox 1531 1976 1724 2039; x_wconf 88' lang='lat' dir='ltr'><strong>solum</strong></span> <span class='ocrx_word' id='word_1_185' title='bbox 1792 1976 1858 2038; x_wconf 89' lang='lat' dir='ltr'><strong>iu</strong></span> <span class='ocrx_word' id='word_1_186' title='bbox 1901 1977 1948 2037; x_wconf 84' lang='lat' dir='ltr'>V</span> <span class='ocrx_word' id='word_1_187' title='bbox 1993 1976 2084 2057; x_wconf 88' lang='lat' dir='ltr'><strong>(et</strong></span> <span class='ocrx_word' id='word_1_188' title='bbox 2141 1975 2203 2039; x_wconf 91' lang='lat' dir='ltr'><strong>in</strong></span> <span class='ocrx_word' id='word_1_189' title='bbox 2251 1972 2618 2039; x_wconf 79' lang='lat' dir='ltr'><strong>Lachmanni</strong></span> <span class='ocrx_word' id='word_1_190' title='bbox 2675 1976 2876 2039; x_wconf 88' lang='lat' dir='ltr'><strong>codice</strong></span> <span class='ocrx_word' id='word_1_191' title='bbox 2921 1974 2995 2054; x_wconf 89' lang='lat' dir='ltr'><strong>B)</strong></span> <span class='ocrx_word' id='word_1_192' title='bbox 3042 1977 3146 2039; x_wconf 91' lang='lat' dir='ltr'><strong>sed</strong></span> <span class='ocrx_word' id='word_1_193' title='bbox 3206 1976 3385 2040; x_wconf 89' lang='lat' dir='ltr'><strong>etiam</strong></span> <span class='ocrx_word' id='word_1_194' title='bbox 3444 1974 3505 2039; x_wconf 91' lang='lat' dir='ltr'><strong>in</strong></span> <span class='ocrx_word' id='word_1_195' title='bbox 3552 1978 3595 2037; x_wconf 90' lang='lat' dir='ltr'>A</span> <span class='ocrx_word' id='word_1_196' title='bbox 3639 1976 3927 2057; x_wconf 87' lang='lat' dir='ltr'><strong>scriptum</strong></span> <span class='ocrx_word' id='word_1_197' title='bbox 3974 1988 4095 2042; x_wconf 87' lang='lat' dir='ltr'><strong>est:</strong></span> 
     </span>
     <span class='ocr_line' id='line_1_16' title="bbox 674 2088 4093 2171; baseline -0 -17"><span class='ocrx_word' id='word_1_198' title='bbox 674 2091 745 2154; x_wconf 73' lang='grc' dir='ltr'><strong>ιΟ</strong></span> <span class='ocrx_word' id='word_1_199' title='bbox 791 2091 1010 2168; x_wconf 78' lang='lat' dir='ltr'><strong>uiciis’3</strong></span> <span class='ocrx_word' id='word_1_200' title='bbox 1067 2090 1391 2155; x_wconf 83' lang='lat' dir='ltr'><strong>Baehrensi</strong></span> <span class='ocrx_word' id='word_1_201' title='bbox 1435 2108 1605 2155; x_wconf 90' lang='lat' dir='ltr'><strong>error</strong></span> <span class='ocrx_word' id='word_1_202' title='bbox 1647 2090 1790 2153; x_wconf 88' lang='lat' dir='ltr'><strong>inde</strong></span> <span class='ocrx_word' id='word_1_203' title='bbox 1835 2088 2187 2171; x_wconf 84' lang='lat' dir='ltr'><strong>explicatur,</strong></span> <span class='ocrx_word' id='word_1_204' title='bbox 2250 2090 2409 2170; x_wconf 89' lang='lat' dir='ltr'><strong>quod</strong></span> <span class='ocrx_word' id='word_1_205' title='bbox 2454 2088 2685 2151; x_wconf 76' lang='lat' dir='ltr'><strong>formae</strong></span> <span class='ocrx_word' id='word_1_206' title='bbox 2731 2089 3061 2153; x_wconf 89' lang='lat' dir='ltr'><strong>litterarum</strong></span> <span class='ocrx_word' id='word_1_207' title='bbox 3110 2088 3160 2151; x_wconf 92' lang='grc' dir='ltr'>Ο</span> <span class='ocrx_word' id='word_1_208' title='bbox 3208 2098 3269 2151; x_wconf 91' lang='lat' dir='ltr'><strong>et</strong></span> <span class='ocrx_word' id='word_1_209' title='bbox 3312 2090 3357 2151; x_wconf 87' lang='lat' dir='ltr'>D</span> <span class='ocrx_word' id='word_1_210' title='bbox 3402 2088 3469 2151; x_wconf 89' lang='lat' dir='ltr'><strong>iu</strong></span> <span class='ocrx_word' id='word_1_211' title='bbox 3513 2089 3767 2151; x_wconf 82' lang='lat' dir='ltr'><strong>exordiis</strong></span> <span class='ocrx_word' id='word_1_212' title='bbox 3812 2108 4093 2153; x_wconf 85' lang='lat' dir='ltr'><strong>versuum</strong></span> 
     </span>
     <span class='ocr_line' id='line_1_17' title="bbox 669 2200 4095 2295; baseline -0.001 -26"><span class='ocrx_word' id='word_1_213' title='bbox 669 2206 966 2288; x_wconf 87' lang='lat' dir='ltr'><strong>pictarum</strong></span> <span class='ocrx_word' id='word_1_214' title='bbox 1013 2214 1134 2269; x_wconf 87' lang='lat' dir='ltr'><strong>tam</strong></span> <span class='ocrx_word' id='word_1_215' title='bbox 1177 2204 1404 2267; x_wconf 83' lang='lat' dir='ltr'><strong>similes</strong></span> <span class='ocrx_word' id='word_1_216' title='bbox 1447 2212 1589 2266; x_wconf 84' lang='lat' dir='ltr'><strong>sunt</strong></span> <span class='ocrx_word' id='word_1_217' title='bbox 1635 2214 1728 2275; x_wconf 90' lang='lat' dir='ltr'><strong>ut,</strong></span> <span class='ocrx_word' id='word_1_218' title='bbox 1783 2202 1894 2264; x_wconf 89' lang='lat' dir='ltr'><strong>nisi</strong></span> <span class='ocrx_word' id='word_1_219' title='bbox 1941 2202 2075 2284; x_wconf 84' lang='lat' dir='ltr'><strong>quis</strong></span> <span class='ocrx_word' id='word_1_220' title='bbox 2121 2201 2565 2295; x_wconf 82' lang='lat' dir='ltr'><strong>accuratissime</strong></span> <span class='ocrx_word' id='word_1_221' title='bbox 2612 2200 2757 2263; x_wconf 88' lang='lat' dir='ltr'><strong>alios</strong></span> <span class='ocrx_word' id='word_1_222' title='bbox 2803 2218 3010 2264; x_wconf 87' lang='lat' dir='ltr'><strong>versus</strong></span> <span class='ocrx_word' id='word_1_223' title='bbox 3053 2202 3125 2264; x_wconf 88' lang='lat' dir='ltr'><strong>ab</strong></span> <span class='ocrx_word' id='word_1_224' title='bbox 3171 2202 3221 2265; x_wconf 92' lang='grc' dir='ltr'>Ο</span> <span class='ocrx_word' id='word_1_225' title='bbox 3264 2202 3355 2264; x_wconf 84' lang='lat' dir='ltr'><strong>vel</strong></span> <span class='ocrx_word' id='word_1_226' title='bbox 3400 2202 3447 2264; x_wconf 86' lang='lat' dir='ltr'>D</span> <span class='ocrx_word' id='word_1_227' title='bbox 3490 2202 3700 2265; x_wconf 81' lang='lat' dir='ltr'><strong>litteris</strong></span> <span class='ocrx_word' id='word_1_228' title='bbox 3745 2203 4095 2285; x_wconf 84' lang='lat' dir='ltr'><strong>incipientes</strong></span> 
     </span>
     <span class='ocr_line' id='line_1_18' title="bbox 673 2314 4095 2399; baseline -0.002 -17"><span class='ocrx_word' id='word_1_229' title='bbox 673 2318 1130 2399; x_wconf 84' lang='lat' dir='ltr'><strong>comparaverit,</strong></span> <span class='ocrx_word' id='word_1_230' title='bbox 1200 2334 1324 2380; x_wconf 89' lang='lat' dir='ltr'><strong>non</strong></span> <span class='ocrx_word' id='word_1_231' title='bbox 1387 2316 1562 2379; x_wconf 83' lang='lat' dir='ltr'><strong>facile</strong></span> <span class='ocrx_word' id='word_1_232' title='bbox 1621 2333 1721 2379; x_wconf 88' lang='lat' dir='ltr'><strong>eas</strong></span> <span class='ocrx_word' id='word_1_233' title='bbox 1776 2316 2102 2393; x_wconf 84' lang='lat' dir='ltr'><strong>dignoscat.</strong></span> <span class='ocrx_word' id='word_1_234' title='bbox 2193 2314 2342 2377; x_wconf 84' lang='lat' dir='ltr'><strong>Hinc</strong></span> <span class='ocrx_word' id='word_1_235' title='bbox 2388 2315 2759 2378; x_wconf 87' lang='lat' dir='ltr'><strong>emendanda</strong></span> <span class='ocrx_word' id='word_1_236' title='bbox 2805 2322 2947 2379; x_wconf 87' lang='lat' dir='ltr'><strong>sunt</strong></span> <span class='ocrx_word' id='word_1_237' title='bbox 2990 2332 3141 2397; x_wconf 83' lang='lat' dir='ltr'><strong>quae</strong></span> <span class='ocrx_word' id='word_1_238' title='bbox 3187 2315 3333 2378; x_wconf 86' lang='lat' dir='ltr'><strong>dixit</strong></span> <span class='ocrx_word' id='word_1_239' title='bbox 3376 2314 3689 2377; x_wconf 82' lang='lat' dir='ltr'><strong>Rothstein</strong></span> <span class='ocrx_word' id='word_1_240' title='bbox 3734 2316 3797 2379; x_wconf 91' lang='lat' dir='ltr'><strong>in</strong></span> <span class='ocrx_word' id='word_1_241' title='bbox 3841 2314 3975 2377; x_wconf 89' lang='lat' dir='ltr'><strong>libri</strong></span> <span class='ocrx_word' id='word_1_242' title='bbox 4021 2316 4095 2377; x_wconf 88' lang='lat' dir='ltr'><strong>de</strong></span> 
     </span>
     <span class='ocr_line' id='line_1_19' title="bbox 674 2427 2082 2511; baseline -0.004 -16"><span class='ocrx_word' id='word_1_243' title='bbox 674 2430 888 2495; x_wconf 87' lang='lat' dir='ltr'><strong>Tibulli</strong></span> <span class='ocrx_word' id='word_1_244' title='bbox 933 2428 1234 2493; x_wconf 88' lang='lat' dir='ltr'><strong>codicibus</strong></span> <span class='ocrx_word' id='word_1_245' title='bbox 1279 2428 1606 2511; x_wconf 86' lang='lat' dir='ltr'><strong>conscripti</strong></span> <span class='ocrx_word' id='word_1_246' title='bbox 1649 2446 1742 2510; x_wconf 83' lang='lat' dir='ltr'><strong>pg.</strong></span> <span class='ocrx_word' id='word_1_247' title='bbox 1775 2428 1858 2491; x_wconf 83' lang='lat'><strong>59</strong></span> <span class='ocrx_word' id='word_1_248' title='bbox 1873 2445 1965 2509; x_wconf 87' lang='lat' dir='ltr'><strong>sq.</strong></span> <span class='ocrx_word' id='word_1_249' title='bbox 1983 2427 2082 2504; x_wconf 87' lang='lat'><strong>¹⁰).</strong></span> 
     </span>
    </p>

    <p class='ocr_par' dir='ltr' id='par_1_4' title="bbox 670 2538 4095 3077">
     <span class='ocr_line' id='line_1_20' title="bbox 961 2538 4095 2622; baseline -0.001 -17"><span class='ocrx_word' id='word_1_250' title='bbox 961 2543 1075 2619; x_wconf 81' lang='lat'><strong>19,</strong></span> <span class='ocrx_word' id='word_1_251' title='bbox 1105 2542 1208 2605; x_wconf 84' lang='lat'><strong>40.</strong></span> <span class='ocrx_word' id='word_1_252' title='bbox 1279 2543 1347 2606; x_wconf 91' lang='lat' dir='ltr'><strong>ln</strong></span> <span class='ocrx_word' id='word_1_253' title='bbox 1391 2542 1592 2606; x_wconf 90' lang='lat' dir='ltr'><strong>codice</strong></span> <span class='ocrx_word' id='word_1_254' title='bbox 1635 2551 1662 2604; x_wconf 90' lang='lat' dir='ltr'><strong>t</strong></span> <span class='ocrx_word' id='word_1_255' title='bbox 1703 2551 1864 2604; x_wconf 90' lang='lat' dir='ltr'><strong>recte</strong></span> <span class='ocrx_word' id='word_1_256' title='bbox 1907 2541 2196 2622; x_wconf 87' lang='lat' dir='ltr'><strong>scriptum</strong></span> <span class='ocrx_word' id='word_1_257' title='bbox 2241 2538 2425 2603; x_wconf 77' lang='lat' dir='ltr'><strong>fuisse</strong></span> <span class='ocrx_word' id='word_1_258' title='bbox 2467 2547 2615 2621; x_wconf 90' lang='lat' dir='ltr'><strong>puto</strong></span> <span class='ocrx_word' id='word_1_259' title='bbox 2636 2540 2739 2617; x_wconf 82' lang='lat'>¹¹):</span> <span class='ocrx_word' id='word_1_260' title='bbox 2792 2540 2889 2615; x_wconf 87' lang='lat' dir='ltr'><strong>sit,</strong></span> <span class='ocrx_word' id='word_1_261' title='bbox 2936 2557 3165 2621; x_wconf 84' lang='lat' dir='ltr'><strong>precor,</strong></span> <span class='ocrx_word' id='word_1_262' title='bbox 3210 2542 3479 2622; x_wconf 86' lang='lat' dir='ltr'><strong>exemplo</strong></span> <span class='ocrx_word' id='word_1_263' title='bbox 3524 2541 3603 2603; x_wconf 88' lang='lat' dir='ltr'><strong>sit</strong></span> <span class='ocrx_word' id='word_1_264' title='bbox 3644 2540 3788 2605; x_wconf 87' lang='lat' dir='ltr'><strong>levis</strong></span> <span class='ocrx_word' id='word_1_265' title='bbox 3832 2540 3925 2603; x_wconf 92' lang='lat' dir='ltr'><strong>illa</strong></span> <span class='ocrx_word' id='word_1_266' title='bbox 3972 2549 4095 2603; x_wconf 88' lang='lat' dir='ltr'><strong>tuo.</strong></span> 
     </span>
     <span class='ocr_line' id='line_1_21' title="bbox 673 2653 4091 2739; baseline -0.001 -20"><span class='ocrx_word' id='word_1_267' title='bbox 673 2656 986 2739; x_wconf 75' lang='lat' dir='ltr'><strong>Archetypi</strong></span> <span class='ocrx_word' id='word_1_268' title='bbox 1055 2656 1354 2731; x_wconf 87' lang='lat' dir='ltr'><strong>librarius,</strong></span> <span class='ocrx_word' id='word_1_269' title='bbox 1421 2664 1490 2718; x_wconf 88' lang='lat' dir='ltr'><strong>ut</strong></span> <span class='ocrx_word' id='word_1_270' title='bbox 1555 2654 1654 2718; x_wconf 89' lang='lat' dir='ltr'><strong>bic</strong></span> <span class='ocrx_word' id='word_1_271' title='bbox 1718 2672 1960 2737; x_wconf 90' lang='lat' dir='ltr'><strong>quoque</strong></span> <span class='ocrx_word' id='word_1_272' title='bbox 2029 2670 2206 2736; x_wconf 89' lang='lat' dir='ltr'><strong>quam</strong></span> <span class='ocrx_word' id='word_1_273' title='bbox 2264 2670 2505 2734; x_wconf 82' lang='lat' dir='ltr'><strong>pravam</strong></span> <span class='ocrx_word' id='word_1_274' title='bbox 2562 2672 2695 2717; x_wconf 89' lang='lat' dir='ltr'><strong>esse</strong></span> <span class='ocrx_word' id='word_1_275' title='bbox 2748 2653 2995 2735; x_wconf 89' lang='lat' dir='ltr'><strong>putabat</strong></span> <span class='ocrx_word' id='word_1_276' title='bbox 3050 2654 3316 2717; x_wconf 90' lang='lat' dir='ltr'><strong>eiusdem</strong></span> <span class='ocrx_word' id='word_1_277' title='bbox 3365 2653 3632 2717; x_wconf 83' lang='lat' dir='ltr'><strong>vocabuli</strong></span> <span class='ocrx_word' id='word_1_278' title='bbox 3676 2654 4091 2735; x_wconf 87' lang='lat' dir='ltr'><strong>repetitionem</strong></span> 
     </span>
     <span class='ocr_line' id='line_1_22' title="bbox 670 2766 4092 2852; baseline 0 -22"><span class='ocrx_word' id='word_1_279' title='bbox 670 2770 932 2844; x_wconf 90' lang='lat' dir='ltr'><strong>tolleret,</strong></span> <span class='ocrx_word' id='word_1_280' title='bbox 995 2770 1261 2831; x_wconf 85' lang='lat' dir='ltr'><strong>secundo</strong></span> <span class='ocrx_word' id='word_1_281' title='bbox 1327 2770 1472 2840; x_wconf 86' lang='lat' dir='ltr'><strong>loco,</strong></span> <span class='ocrx_word' id='word_1_282' title='bbox 1511 2769 1614 2831; x_wconf 79' lang='lat' dir='ltr'><strong>sed</strong></span> <span class='ocrx_word' id='word_1_283' title='bbox 1679 2766 2126 2850; x_wconf 84' lang='lat' dir='ltr'><strong>suprascripsit,</strong></span> <span class='ocrx_word' id='word_1_284' title='bbox 2193 2767 2352 2847; x_wconf 91' lang='lat' dir='ltr'><strong>quod</strong></span> <span class='ocrx_word' id='word_1_285' title='bbox 2422 2767 2641 2830; x_wconf 85' lang='lat' dir='ltr'><strong>codicis</strong></span> <span class='ocrx_word' id='word_1_286' title='bbox 2686 2766 2736 2829; x_wconf 91' lang='grc' dir='ltr'>Ο</span> <span class='ocrx_word' id='word_1_287' title='bbox 2792 2766 3062 2829; x_wconf 89' lang='lat' dir='ltr'><strong>librarius</strong></span> <span class='ocrx_word' id='word_1_288' title='bbox 3128 2768 3191 2828; x_wconf 89' lang='lat' dir='ltr'><strong>iu</strong></span> <span class='ocrx_word' id='word_1_289' title='bbox 3254 2775 3482 2830; x_wconf 88' lang='lat' dir='ltr'><strong>textum</strong></span> <span class='ocrx_word' id='word_1_290' title='bbox 3550 2768 3804 2850; x_wconf 76' lang='lat' dir='ltr'><strong>recepi13</strong></span> <span class='ocrx_word' id='word_1_291' title='bbox 3870 2767 3919 2831; x_wconf 86' lang='lat' dir='ltr'><strong>is</strong></span> <span class='ocrx_word' id='word_1_292' title='bbox 3988 2769 4092 2852; x_wconf 91' lang='lat' dir='ltr'><strong>qui</strong></span> 
     </span>
     <span class='ocr_line' id='line_1_23' title="bbox 671 2879 4090 2964; baseline 0 -20"><span class='ocrx_word' id='word_1_293' title='bbox 671 2883 924 2945; x_wconf 86' lang='lat' dir='ltr'><strong>alterum</strong></span> <span class='ocrx_word' id='word_1_294' title='bbox 969 2881 1269 2963; x_wconf 77' lang='lat' dir='ltr'><strong>archetypi</strong></span> <span class='ocrx_word' id='word_1_295' title='bbox 1314 2881 1701 2964; x_wconf 84' lang='lat' dir='ltr'><strong>apographon</strong></span> <span class='ocrx_word' id='word_1_296' title='bbox 1743 2881 2001 2944; x_wconf 80' lang='lat' dir='ltr'><strong>confecit</strong></span> <span class='ocrx_word' id='word_1_297' title='bbox 2044 2899 2172 2943; x_wconf 89' lang='lat' dir='ltr'><strong>eam</strong></span> <span class='ocrx_word' id='word_1_298' title='bbox 2219 2897 2425 2944; x_wconf 85' lang='lat' dir='ltr'><strong>vocem</strong></span> <span class='ocrx_word' id='word_1_299' title='bbox 2472 2881 2545 2943; x_wconf 92' lang='lat' dir='ltr'><strong>ad</strong></span> <span class='ocrx_word' id='word_1_300' title='bbox 2591 2879 2883 2943; x_wconf 84' lang='lat' dir='ltr'><strong>enuntiati</strong></span> <span class='ocrx_word' id='word_1_301' title='bbox 2929 2880 3165 2944; x_wconf 87' lang='lat' dir='ltr'><strong>initium</strong></span> <span class='ocrx_word' id='word_1_302' title='bbox 3210 2883 3439 2944; x_wconf 80' lang='lat' dir='ltr'><strong>referre</strong></span> <span class='ocrx_word' id='word_1_303' title='bbox 3484 2889 3544 2943; x_wconf 89' lang='lat' dir='ltr'><strong>et</strong></span> <span class='ocrx_word' id='word_1_304' title='bbox 3585 2901 3695 2963; x_wconf 90' lang='lat' dir='ltr'><strong>pro</strong></span> <span class='ocrx_word' id='word_1_305' title='bbox 3732 2882 3931 2962; x_wconf 91' lang='lat' dir='ltr'><strong>priore</strong></span> <span class='ocrx_word' id='word_1_306' title='bbox 3976 2882 4090 2945; x_wconf 85' lang='lat' dir='ltr'><strong>‘sit&#39;</strong></span> 
     </span>
     <span class='ocr_line' id='line_1_24' title="bbox 671 2993 1172 3077; baseline -0.002 -20"><span class='ocrx_word' id='word_1_307' title='bbox 671 3013 898 3077; x_wconf 88' lang='lat' dir='ltr'><strong>ponere</strong></span> <span class='ocrx_word' id='word_1_308' title='bbox 945 2993 1172 3057; x_wconf 84' lang='lat' dir='ltr'><strong>maluit.</strong></span> 
     </span>
    </p>

    <p class='ocr_par' dir='ltr' id='par_1_5' title="bbox 669 3105 4091 3416">
     <span class='ocr_line' id='line_1_25' title="bbox 958 3105 4091 3191; baseline 0.001 -21"><span class='ocrx_word' id='word_1_309' title='bbox 958 3107 1115 3182; x_wconf 90' lang='grc'><strong>110,</strong></span> <span class='ocrx_word' id='word_1_310' title='bbox 1147 3105 1248 3168; x_wconf 85' lang='grc'><strong>49.</strong></span> <span class='ocrx_word' id='word_1_311' title='bbox 1336 3107 1486 3170; x_wconf 90' lang='lat' dir='ltr'><strong>Cum</strong></span> <span class='ocrx_word' id='word_1_312' title='bbox 1541 3116 1874 3188; x_wconf 83' lang='lat' dir='ltr'><strong>spectarem</strong></span> <span class='ocrx_word' id='word_1_313' title='bbox 1932 3105 2151 3169; x_wconf 88' lang='lat' dir='ltr'><strong>codicis</strong></span> <span class='ocrx_word' id='word_1_314' title='bbox 2194 3107 2240 3168; x_wconf 92' lang='lat' dir='ltr'>A</span> <span class='ocrx_word' id='word_1_315' title='bbox 2299 3106 2653 3187; x_wconf 87' lang='lat' dir='ltr'><strong>scripturam</strong></span> <span class='ocrx_word' id='word_1_316' title='bbox 2722 3107 2941 3169; x_wconf 75' lang='lat' dir='ltr'><strong>nitens</strong></span> <span class='ocrx_word' id='word_1_317' title='bbox 2958 3105 3033 3182; x_wconf 85' lang='lat'><strong>¹⁸)</strong></span> <span class='ocrx_word' id='word_1_318' title='bbox 3091 3123 3303 3170; x_wconf 89' lang='lat' dir='ltr'><strong>uomer</strong></span> <span class='ocrx_word' id='word_1_319' title='bbox 3354 3107 3610 3182; x_wconf 88' lang='lat' dir='ltr'><strong>uiderit&#39;‚</strong></span> <span class='ocrx_word' id='word_1_320' title='bbox 3678 3127 3855 3191; x_wconf 84' lang='lat' dir='ltr'><strong>quam</strong></span> <span class='ocrx_word' id='word_1_321' title='bbox 3924 3109 4091 3172; x_wconf 75' lang='lat' dir='ltr'><strong>facile</strong></span> 
     </span>
     <span class='ocr_line' id='line_1_26' title="bbox 670 3218 4089 3304; baseline 0.001 -22"><span class='ocrx_word' id='word_1_322' title='bbox 670 3219 826 3282; x_wconf 82' lang='lat' dir='ltr'><strong>‘uid’</strong></span> <span class='ocrx_word' id='word_1_323' title='bbox 893 3228 954 3282; x_wconf 86' lang='lat' dir='ltr'><strong>et</strong></span> <span class='ocrx_word' id='word_1_324' title='bbox 1017 3218 1164 3282; x_wconf 85' lang='lat' dir='ltr'><strong>‘nit’</strong></span> <span class='ocrx_word' id='word_1_325' title='bbox 1240 3221 1399 3283; x_wconf 89' lang='lat' dir='ltr'><strong>inter</strong></span> <span class='ocrx_word' id='word_1_326' title='bbox 1465 3239 1528 3283; x_wconf 87' lang='lat' dir='ltr'><strong>se</strong></span> <span class='ocrx_word' id='word_1_327' title='bbox 1595 3219 1950 3284; x_wconf 86' lang='lat' dir='ltr'><strong>commutari</strong></span> <span class='ocrx_word' id='word_1_328' title='bbox 2017 3219 2351 3300; x_wconf 86' lang='lat' dir='ltr'><strong>potuerint,</strong></span> <span class='ocrx_word' id='word_1_329' title='bbox 2432 3219 2839 3283; x_wconf 84' lang='lat' dir='ltr'><strong>animadverti.</strong></span> <span class='ocrx_word' id='word_1_330' title='bbox 2945 3220 3139 3301; x_wconf 89' lang='lat' dir='ltr'><strong>Atque</strong></span> <span class='ocrx_word' id='word_1_331' title='bbox 3204 3230 3351 3302; x_wconf 90' lang='lat' dir='ltr'><strong>puto</strong></span> <span class='ocrx_word' id='word_1_332' title='bbox 3418 3221 3718 3304; x_wconf 81' lang='lat' dir='ltr'><strong>archetypi</strong></span> <span class='ocrx_word' id='word_1_333' title='bbox 3783 3221 4089 3286; x_wconf 89' lang='lat' dir='ltr'><strong>librarium</strong></span> 
     </span>
     <span class='ocr_line' id='line_1_27' title="bbox 669 3331 4088 3416; baseline 0.001 -23"><span class='ocrx_word' id='word_1_334' title='bbox 669 3333 762 3395; x_wconf 83' lang='lat' dir='ltr'><strong>vel</strong></span> <span class='ocrx_word' id='word_1_335' title='bbox 829 3333 974 3396; x_wconf 80' lang='lat' dir='ltr'><strong>facili</strong></span> <span class='ocrx_word' id='word_1_336' title='bbox 1020 3351 1222 3395; x_wconf 88' lang='lat' dir='ltr'><strong>errore</strong></span> <span class='ocrx_word' id='word_1_337' title='bbox 1264 3334 1358 3396; x_wconf 88' lang='lat' dir='ltr'><strong>vel</strong></span> <span class='ocrx_word' id='word_1_338' title='bbox 1415 3334 1569 3413; x_wconf 91' lang='lat' dir='ltr'><strong>quod</strong></span> <span class='ocrx_word' id='word_1_339' title='bbox 1628 3333 1690 3396; x_wconf 92' lang='lat' dir='ltr'><strong>in</strong></span> <span class='ocrx_word' id='word_1_340' title='bbox 1745 3332 1948 3395; x_wconf 89' lang='lat' dir='ltr'><strong>codice</strong></span> <span class='ocrx_word' id='word_1_341' title='bbox 1993 3341 2019 3394; x_wconf 91' lang='lat' dir='ltr'><strong>t</strong></span> <span class='ocrx_word' id='word_1_342' title='bbox 2083 3335 2300 3412; x_wconf 87' lang='lat' dir='ltr'><strong>legerat</strong></span> <span class='ocrx_word' id='word_1_343' title='bbox 2368 3331 2805 3395; x_wconf 85' lang='lat' dir='ltr'><strong>describentem</strong></span> <span class='ocrx_word' id='word_1_344' title='bbox 2872 3349 3167 3397; x_wconf 85' lang='lat' dir='ltr'><strong>exarasse:</strong></span> <span class='ocrx_word' id='word_1_345' title='bbox 3236 3334 3465 3398; x_wconf 86' lang='lat' dir='ltr'><strong>‘uidens</strong></span> <span class='ocrx_word' id='word_1_346' title='bbox 3532 3351 3817 3416; x_wconf 89' lang='lat' dir='ltr'><strong>uomerq;</strong></span> <span class='ocrx_word' id='word_1_347' title='bbox 3882 3335 4088 3398; x_wconf 71' lang='lat' dir='ltr'><strong>uive’t&#39;.</strong></span> 
     </span>
    </p>
   </div>
   <div class='ocr_carea' id='block_1_3' title="bbox 673 3455 1098 3468">
    <p class='ocr_par' dir='ltr' id='par_1_6' title="bbox 673 3455 1098 3468">
     <span class='ocr_line' id='line_1_28' title="bbox 673 3455 1098 3468; baseline 0 2207"><span class='ocrx_word' id='word_1_348' title='bbox 673 3455 1098 3468; x_wconf 95' lang='lat' dir='ltr'><strong> </strong></span> 
     </span>
    </p>
   </div>
   <div class='ocr_carea' id='block_1_4' title="bbox 669 3503 4091 5218">
    <p class='ocr_par' dir='ltr' id='par_1_7' title="bbox 957 3503 2725 3572">
     <span class='ocr_line' id='line_1_29' title="bbox 957 3503 2725 3572; baseline 0 -14"><span class='ocrx_word' id='word_1_349' title='bbox 957 3505 1002 3572; x_wconf 82' lang='lat'><strong>¹)</strong></span> <span class='ocrx_word' id='word_1_350' title='bbox 1055 3505 1132 3558; x_wconf 79' lang='lat' dir='ltr'><strong>Cf.</strong></span> <span class='ocrx_word' id='word_1_351' title='bbox 1172 3506 1276 3558; x_wconf 88' lang='lat' dir='ltr'><strong>Cic.</strong></span> <span class='ocrx_word' id='word_1_352' title='bbox 1313 3507 1374 3560; x_wconf 86' lang='lat' dir='ltr'><strong>de</strong></span> <span class='ocrx_word' id='word_1_353' title='bbox 1411 3507 1514 3558; x_wconf 88' lang='lat' dir='ltr'><strong>div.</strong></span> <span class='ocrx_word' id='word_1_354' title='bbox 1539 3506 1667 3558; x_wconf 81' lang='lat'>145.</span> <span class='ocrx_word' id='word_1_355' title='bbox 1690 3506 1758 3557; x_wconf 83' lang='lat'><strong>46</strong></span> <span class='ocrx_word' id='word_1_356' title='bbox 1793 3505 1850 3572; x_wconf 65' lang='grc' dir='ltr'><strong>(ξ</strong></span> <span class='ocrx_word' id='word_1_357' title='bbox 1879 3505 2198 3572; x_wconf 81' lang='lat'><strong>102—104);</strong></span> <span class='ocrx_word' id='word_1_358' title='bbox 2233 3503 2277 3557; x_wconf 90' lang='lat'><strong>11</strong></span> <span class='ocrx_word' id='word_1_359' title='bbox 2298 3506 2368 3558; x_wconf 82' lang='lat'><strong>40</strong></span> <span class='ocrx_word' id='word_1_360' title='bbox 2402 3504 2458 3572; x_wconf 57' lang='grc' dir='ltr'><strong>(ἦ</strong></span> <span class='ocrx_word' id='word_1_361' title='bbox 2483 3506 2725 3571; x_wconf 78' lang='lat'><strong>83-84).</strong></span> 
     </span>
    </p>

    <p class='ocr_par' dir='ltr' id='par_1_8' title="bbox 957 3589 1984 3658">
     <span class='ocr_line' id='line_1_30' title="bbox 957 3589 1984 3658; baseline -0.006 -9"><span class='ocrx_word' id='word_1_362' title='bbox 957 3592 1004 3658; x_wconf 77' lang='lat'><strong>²)</strong></span> <span class='ocrx_word' id='word_1_363' title='bbox 1062 3594 1138 3648; x_wconf 74' lang='lat' dir='ltr'><strong>Cf.</strong></span> <span class='ocrx_word' id='word_1_364' title='bbox 1176 3593 1284 3646; x_wconf 88' lang='lat' dir='ltr'><strong>Cio.</strong></span> <span class='ocrx_word' id='word_1_365' title='bbox 1321 3595 1382 3645; x_wconf 85' lang='lat' dir='ltr'><strong>de</strong></span> <span class='ocrx_word' id='word_1_366' title='bbox 1419 3594 1521 3645; x_wconf 89' lang='lat' dir='ltr'><strong>div.</strong></span> <span class='ocrx_word' id='word_1_367' title='bbox 1547 3589 1592 3644; x_wconf 92' lang='lat'><strong>11</strong></span> <span class='ocrx_word' id='word_1_368' title='bbox 1616 3591 1678 3643; x_wconf 77' lang='lat'><strong>41</strong></span> <span class='ocrx_word' id='word_1_369' title='bbox 1717 3591 1984 3656; x_wconf 70' lang='lat' dir='ltr'><strong>(ss—87).</strong></span> 
     </span>
    </p>

    <p class='ocr_par' dir='ltr' id='par_1_9' title="bbox 671 3677 4091 3823">
     <span class='ocr_line' id='line_1_31' title="bbox 955 3677 4091 3752; baseline 0.002 -19"><span class='ocrx_word' id='word_1_370' title='bbox 955 3683 1002 3747; x_wconf 82' lang='lat'><strong>⁸)</strong></span> <span class='ocrx_word' id='word_1_371' title='bbox 1053 3681 1324 3738; x_wconf 70' lang='lat' dir='ltr'><strong>Libras-ios</strong></span> <span class='ocrx_word' id='word_1_372' title='bbox 1359 3680 1530 3732; x_wconf 90' lang='lat' dir='ltr'><strong>obiter</strong></span> <span class='ocrx_word' id='word_1_373' title='bbox 1563 3679 1692 3730; x_wconf 87' lang='lat' dir='ltr'><strong>hane</strong></span> <span class='ocrx_word' id='word_1_374' title='bbox 1727 3680 2036 3731; x_wconf 83' lang='lat' dir='ltr'><strong>sententiam</strong></span> <span class='ocrx_word' id='word_1_375' title='bbox 2073 3677 2405 3747; x_wconf 82' lang='lat' dir='ltr'><strong>inspicientes</strong></span> <span class='ocrx_word' id='word_1_376' title='bbox 2438 3680 2505 3732; x_wconf 86' lang='lat' dir='ltr'><strong>ad</strong></span> <span class='ocrx_word' id='word_1_377' title='bbox 2540 3679 2843 3732; x_wconf 85' lang='lat' dir='ltr'><strong>vocabulum</strong></span> <span class='ocrx_word' id='word_1_378' title='bbox 2879 3678 3083 3733; x_wconf 83' lang='lat' dir='ltr'><strong>‘omnia’</strong></span> <span class='ocrx_word' id='word_1_379' title='bbox 3116 3681 3405 3736; x_wconf 74' lang='lat' dir='ltr'><strong>mutandum</strong></span> <span class='ocrx_word' id='word_1_380' title='bbox 3453 3690 3711 3752; x_wconf 83' lang='lat' dir='ltr'><strong>promptos</strong></span> <span class='ocrx_word' id='word_1_381' title='bbox 3755 3681 3919 3737; x_wconf 72' lang='lat' dir='ltr'><strong>fuisse</strong></span> <span class='ocrx_word' id='word_1_382' title='bbox 3967 3702 4091 3739; x_wconf 90' lang='lat' dir='ltr'><strong>con-</strong></span> 
     </span>
     <span class='ocr_line' id='line_1_32' title="bbox 671 3765 2309 3833; baseline -0.004 -10"><span class='ocrx_word' id='word_1_383' title='bbox 671 3777 968 3823; x_wconf 84' lang='lat' dir='ltr'><strong>sentaneum</strong></span> <span class='ocrx_word' id='word_1_384' title='bbox 1005 3777 1108 3833; x_wconf 78' lang='lat' dir='ltr'><strong>est3</strong></span> <span class='ocrx_word' id='word_1_385' title='bbox 1147 3767 1412 3820; x_wconf 86' lang='lat' dir='ltr'><strong>contraria</strong></span> <span class='ocrx_word' id='word_1_386' title='bbox 1449 3766 1666 3819; x_wconf 83' lang='lat' dir='ltr'><strong>mutatio</strong></span> <span class='ocrx_word' id='word_1_387' title='bbox 1705 3767 1818 3817; x_wconf 84' lang='lat' dir='ltr'><strong>veri</strong></span> <span class='ocrx_word' id='word_1_388' title='bbox 1855 3765 2042 3818; x_wconf 77' lang='lat' dir='ltr'><strong>similis</strong></span> <span class='ocrx_word' id='word_1_389' title='bbox 2077 3782 2176 3817; x_wconf 88' lang='lat' dir='ltr'><strong>nou</strong></span> <span class='ocrx_word' id='word_1_390' title='bbox 2213 3773 2309 3818; x_wconf 87' lang='lat' dir='ltr'><strong>est.</strong></span> 
     </span>
    </p>

    <p class='ocr_par' dir='ltr' id='par_1_10' title="bbox 672 3827 4090 3996">
     <span class='ocr_line' id='line_1_33' title="bbox 956 3827 4090 3928; baseline 0.001 -20"><span class='ocrx_word' id='word_1_391' title='bbox 956 3856 1000 3920; x_wconf 82' lang='lat'><strong>⁴)</strong></span> <span class='ocrx_word' id='word_1_392' title='bbox 1051 3855 1180 3908; x_wconf 82' lang='lat' dir='ltr'><strong>Nam</strong></span> <span class='ocrx_word' id='word_1_393' title='bbox 1232 3869 1346 3906; x_wconf 84' lang='lat' dir='ltr'><strong>cum</strong></span> <span class='ocrx_word' id='word_1_394' title='bbox 1403 3855 1566 3921; x_wconf 77' lang='lat' dir='ltr'><strong>inpar</strong></span> <span class='ocrx_word' id='word_1_395' title='bbox 1615 3853 1772 3905; x_wconf 83' lang='lat' dir='ltr'><strong>trium</strong></span> <span class='ocrx_word' id='word_1_396' title='bbox 1825 3853 2048 3907; x_wconf 84' lang='lat' dir='ltr'><strong>sortium</strong></span> <span class='ocrx_word' id='word_1_397' title='bbox 2101 3869 2336 3906; x_wconf 83' lang='lat' dir='ltr'><strong>numerus</strong></span> <span class='ocrx_word' id='word_1_398' title='bbox 2385 3853 2503 3906; x_wconf 88' lang='lat' dir='ltr'><strong>tolli</strong></span> <span class='ocrx_word' id='word_1_399' title='bbox 2549 3853 2775 3921; x_wconf 81' lang='lat' dir='ltr'><strong>soleret,</strong></span> <span class='ocrx_word' id='word_1_400' title='bbox 2826 3853 2973 3908; x_wconf 87' lang='lat' dir='ltr'><strong>Delia</strong></span> <span class='ocrx_word' id='word_1_401' title='bbox 2990 3891 3007 3921; x_wconf 92' lang='lat'><strong><em>,</em></strong></span> <span class='ocrx_word' id='word_1_402' title='bbox 3057 3827 3121 3906; x_wconf 78' lang='lat' dir='ltr'><strong>ut</strong></span> <span class='ocrx_word' id='word_1_403' title='bbox 3170 3871 3469 3923; x_wconf 81' lang='lat' dir='ltr'><strong>responsum</strong></span> <span class='ocrx_word' id='word_1_404' title='bbox 3514 3857 3859 3910; x_wconf 82' lang='lat' dir='ltr'><strong>certiasimutn</strong></span> <span class='ocrx_word' id='word_1_405' title='bbox 3905 3857 4090 3928; x_wconf 76' lang='lat' dir='ltr'><strong>ferret,</strong></span> 
     </span>
     <span class='ocr_line' id='line_1_34' title="bbox 672 3941 1070 3996; baseline 0 -3"><span class='ocrx_word' id='word_1_406' title='bbox 672 3950 758 3994; x_wconf 89' lang='lat' dir='ltr'><strong>ter</strong></span> <span class='ocrx_word' id='word_1_407' title='bbox 791 3945 888 3996; x_wconf 90' lang='lat' dir='ltr'><strong>hoc</strong></span> <span class='ocrx_word' id='word_1_408' title='bbox 923 3941 1070 3996; x_wconf 78' lang='lat' dir='ltr'><strong>fecit.</strong></span> 
     </span>
    </p>

    <p class='ocr_par' dir='ltr' id='par_1_11' title="bbox 953 4025 2433 4094">
     <span class='ocr_line' id='line_1_35' title="bbox 953 4025 2433 4094; baseline -0.005 -11"><span class='ocrx_word' id='word_1_409' title='bbox 953 4029 1002 4094; x_wconf 78' lang='lat'><strong>³)</strong></span> <span class='ocrx_word' id='word_1_410' title='bbox 1055 4028 1132 4082; x_wconf 79' lang='lat' dir='ltr'><strong>ef.</strong></span> <span class='ocrx_word' id='word_1_411' title='bbox 1172 4043 1379 4082; x_wconf 82' lang='lat' dir='ltr'><strong>versum</strong></span> <span class='ocrx_word' id='word_1_412' title='bbox 1416 4035 1735 4094; x_wconf 81' lang='lat' dir='ltr'><strong>sequentem:</strong></span> <span class='ocrx_word' id='word_1_413' title='bbox 1773 4035 1958 4080; x_wconf 86' lang='lat' dir='ltr'><strong>cuneta</strong></span> <span class='ocrx_word' id='word_1_414' title='bbox 1993 4026 2184 4078; x_wconf 87' lang='lat' dir='ltr'><strong>dabant</strong></span> <span class='ocrx_word' id='word_1_415' title='bbox 2217 4025 2433 4078; x_wconf 85' lang='lat' dir='ltr'><strong>reditus.</strong></span> 
     </span>
    </p>

    <p class='ocr_par' dir='ltr' id='par_1_12' title="bbox 671 4110 4091 4270">
     <span class='ocr_line' id='line_1_36' title="bbox 955 4110 4091 4188; baseline 0.002 -22"><span class='ocrx_word' id='word_1_416' title='bbox 955 4115 1002 4180; x_wconf 81' lang='lat'><strong>⁸)</strong></span> <span class='ocrx_word' id='word_1_417' title='bbox 1053 4115 1194 4167; x_wconf 79' lang='lat' dir='ltr'><strong>Hane</strong></span> <span class='ocrx_word' id='word_1_418' title='bbox 1241 4129 1418 4168; x_wconf 78' lang='lat' dir='ltr'><strong>vocem</strong></span> <span class='ocrx_word' id='word_1_419' title='bbox 1470 4115 1746 4166; x_wconf 78' lang='lat' dir='ltr'><strong>solemnem</strong></span> <span class='ocrx_word' id='word_1_420' title='bbox 1801 4112 1961 4166; x_wconf 77' lang='lat' dir='ltr'><strong>fnisse</strong></span> <span class='ocrx_word' id='word_1_421' title='bbox 2013 4115 2332 4182; x_wconf 77' lang='lat' dir='ltr'><strong>putaverim,</strong></span> <span class='ocrx_word' id='word_1_422' title='bbox 2384 4111 2450 4164; x_wconf 85' lang='lat' dir='ltr'><strong>ei&#39;.</strong></span> <span class='ocrx_word' id='word_1_423' title='bbox 2490 4112 2593 4167; x_wconf 90' lang='lat' dir='ltr'><strong>Cie.</strong></span> <span class='ocrx_word' id='word_1_424' title='bbox 2628 4113 2693 4165; x_wconf 79' lang='lat' dir='ltr'><strong>de</strong></span> <span class='ocrx_word' id='word_1_425' title='bbox 2728 4113 2836 4166; x_wconf 79' lang='lat' dir='ltr'><strong>div.</strong></span> <span class='ocrx_word' id='word_1_426' title='bbox 2859 4110 2904 4165; x_wconf 90' lang='lat'><strong>11</strong></span> <span class='ocrx_word' id='word_1_427' title='bbox 2928 4114 3014 4179; x_wconf 81' lang='lat'><strong>41,</strong></span> <span class='ocrx_word' id='word_1_428' title='bbox 3039 4113 3131 4165; x_wconf 86' lang='grc'><strong>86·</strong></span> <span class='ocrx_word' id='word_1_429' title='bbox 3186 4115 3325 4182; x_wconf 84' lang='lat' dir='ltr'><strong>‘quid</strong></span> <span class='ocrx_word' id='word_1_430' title='bbox 3370 4115 3535 4181; x_wconf 80' lang='lat' dir='ltr'><strong>igitur</strong></span> <span class='ocrx_word' id='word_1_431' title='bbox 3568 4117 3621 4168; x_wconf 87' lang='lat' dir='ltr'><strong>io</strong></span> <span class='ocrx_word' id='word_1_432' title='bbox 3658 4117 3729 4169; x_wconf 88' lang='lat' dir='ltr'><strong>iis</strong></span> <span class='ocrx_word' id='word_1_433' title='bbox 3769 4133 3881 4171; x_wconf 86' lang='lat' dir='ltr'><strong>esse</strong></span> <span class='ocrx_word' id='word_1_434' title='bbox 3918 4127 4091 4188; x_wconf 87' lang='lat' dir='ltr'><strong>potest</strong></span> 
     </span>
     <span class='ocr_line' id='line_1_37' title="bbox 671 4201 2771 4270; baseline 0 -19"><span class='ocrx_word' id='word_1_435' title='bbox 671 4203 868 4265; x_wconf 85' lang='lat' dir='ltr'><strong>certi,</strong></span> <span class='ocrx_word' id='word_1_436' title='bbox 902 4216 1029 4270; x_wconf 87' lang='lat' dir='ltr'><strong>quae</strong></span> <span class='ocrx_word' id='word_1_437' title='bbox 1067 4202 1325 4254; x_wconf 76' lang='lat' dir='ltr'><strong>Fortunae</strong></span> <span class='ocrx_word' id='word_1_438' title='bbox 1360 4203 1558 4254; x_wconf 84' lang='lat' dir='ltr'><strong>monitu</strong></span> <span class='ocrx_word' id='word_1_439' title='bbox 1591 4203 1740 4268; x_wconf 85' lang='lat' dir='ltr'><strong>pueri</strong></span> <span class='ocrx_word' id='word_1_440' title='bbox 1775 4215 1924 4252; x_wconf 78' lang='lat' dir='ltr'><strong>nanu</strong></span> <span class='ocrx_word' id='word_1_441' title='bbox 1961 4201 2240 4252; x_wconf 77' lang='lat' dir='ltr'><strong>miscentur</strong></span> <span class='ocrx_word' id='word_1_442' title='bbox 2279 4205 2431 4267; x_wconf 84' lang='lat' dir='ltr'><strong>atque</strong></span> <span class='ocrx_word' id='word_1_443' title='bbox 2468 4201 2771 4252; x_wconf 66' lang='lat' dir='ltr'><strong>ducuntur?</strong></span> 
     </span>
    </p>

    <p class='ocr_par' dir='ltr' id='par_1_13' title="bbox 671 4286 4088 4441">
     <span class='ocr_line' id='line_1_38' title="bbox 959 4286 4088 4357; baseline 0.002 -17"><span class='ocrx_word' id='word_1_444' title='bbox 959 4291 1006 4353; x_wconf 58' lang='grc' dir='ltr'><strong>ἵ)</strong></span> <span class='ocrx_word' id='word_1_445' title='bbox 1055 4287 1249 4340; x_wconf 82' lang='lat' dir='ltr'><strong>‘&#39;Certa</strong></span> <span class='ocrx_word' id='word_1_446' title='bbox 1286 4303 1416 4355; x_wconf 88' lang='lat' dir='ltr'><strong>quae</strong></span> <span class='ocrx_word' id='word_1_447' title='bbox 1453 4303 1558 4338; x_wconf 82' lang='lat' dir='ltr'><strong>vox</strong></span> <span class='ocrx_word' id='word_1_448' title='bbox 1590 4303 1684 4354; x_wconf 89' lang='lat' dir='ltr'><strong>pro</strong></span> <span class='ocrx_word' id='word_1_449' title='bbox 1721 4287 2050 4338; x_wconf 79' lang='lat' dir='ltr'><strong>substantivo</strong></span> <span class='ocrx_word' id='word_1_450' title='bbox 2087 4294 2369 4353; x_wconf 83' lang='lat' dir='ltr'><strong>usurpatur</strong></span> <span class='ocrx_word' id='word_1_451' title='bbox 2404 4293 2487 4338; x_wconf 87' lang='lat' dir='ltr'><strong>est</strong></span> <span class='ocrx_word' id='word_1_452' title='bbox 2508 4302 2744 4339; x_wconf 85' lang='lat' dir='ltr'><strong>numerus</strong></span> <span class='ocrx_word' id='word_1_453' title='bbox 2767 4286 2987 4354; x_wconf 86' lang='lat' dir='ltr'><strong>pluralis</strong></span> <span class='ocrx_word' id='word_1_454' title='bbox 3012 4288 3158 4340; x_wconf 86' lang='lat' dir='ltr'><strong>illius</strong></span> <span class='ocrx_word' id='word_1_455' title='bbox 3185 4291 3423 4357; x_wconf 78' lang='lat' dir='ltr'><strong>responsi</strong></span> <span class='ocrx_word' id='word_1_456' title='bbox 3450 4287 3680 4342; x_wconf 81' lang='lat' dir='ltr'><strong>‘certum&#39;</strong></span> <span class='ocrx_word' id='word_1_457' title='bbox 3705 4293 3787 4356; x_wconf 86' lang='lat' dir='ltr'><strong>(nt</strong></span> <span class='ocrx_word' id='word_1_458' title='bbox 3816 4295 4088 4347; x_wconf 84' lang='lat' dir='ltr'><strong>vernaculo</strong></span> 
     </span>
     <span class='ocr_line' id='line_1_39' title="bbox 671 4375 1992 4441; baseline 0 -17"><span class='ocrx_word' id='word_1_459' title='bbox 671 4387 908 4426; x_wconf 79' lang='lat' dir='ltr'><strong>sermone</strong></span> <span class='ocrx_word' id='word_1_460' title='bbox 941 4382 1086 4427; x_wconf 79' lang='lat' dir='ltr'><strong>utar:</strong></span> <span class='ocrx_word' id='word_1_461' title='bbox 1121 4375 1293 4426; x_wconf 84' lang='lat' dir='ltr'><strong>lauter</strong></span> <span class='ocrx_word' id='word_1_462' title='bbox 1331 4375 1609 4441; x_wconf 79' lang='lat' dir='ltr'><strong>hejahende</strong></span> <span class='ocrx_word' id='word_1_463' title='bbox 1645 4375 1992 4438; x_wconf 80' lang='lat' dir='ltr'><strong>Antworten).</strong></span> 
     </span>
    </p>

    <p class='ocr_par' dir='ltr' id='par_1_14' title="bbox 671 4459 4089 4612">
     <span class='ocr_line' id='line_1_40' title="bbox 955 4459 4089 4534; baseline 0.002 -20"><span class='ocrx_word' id='word_1_464' title='bbox 955 4461 1001 4524; x_wconf 76' lang='grc' dir='ltr'><strong>ο)</strong></span> <span class='ocrx_word' id='word_1_465' title='bbox 1051 4460 1388 4529; x_wconf 77' lang='lat' dir='ltr'><strong>Unaquaeque</strong></span> <span class='ocrx_word' id='word_1_466' title='bbox 1439 4460 1698 4514; x_wconf 81' lang='lat' dir='ltr'><strong>divinatio</strong></span> <span class='ocrx_word' id='word_1_467' title='bbox 1751 4461 1972 4513; x_wconf 84' lang='lat' dir='ltr'><strong>reditum</strong></span> <span class='ocrx_word' id='word_1_468' title='bbox 2025 4459 2204 4524; x_wconf 79' lang='lat' dir='ltr'><strong>dabat3</strong></span> <span class='ocrx_word' id='word_1_469' title='bbox 2257 4459 2452 4527; x_wconf 84' lang='lat' dir='ltr'><strong>plurali</strong></span> <span class='ocrx_word' id='word_1_470' title='bbox 2498 4475 2705 4513; x_wconf 84' lang='lat' dir='ltr'><strong>numero</strong></span> <span class='ocrx_word' id='word_1_471' title='bbox 2757 4461 2955 4526; x_wconf 79' lang='lat' dir='ltr'><strong>singula</strong></span> <span class='ocrx_word' id='word_1_472' title='bbox 2994 4475 3239 4528; x_wconf 86' lang='lat' dir='ltr'><strong>responsa</strong></span> <span class='ocrx_word' id='word_1_473' title='bbox 3278 4464 3499 4516; x_wconf 83' lang='lat' dir='ltr'><strong>reditum</strong></span> <span class='ocrx_word' id='word_1_474' title='bbox 3536 4465 3885 4533; x_wconf 76' lang='lat' dir='ltr'><strong>promittentia</strong></span> <span class='ocrx_word' id='word_1_475' title='bbox 3922 4469 4089 4534; x_wconf 77' lang='lat' dir='ltr'><strong>signi-</strong></span> 
     </span>
     <span class='ocr_line' id='line_1_41' title="bbox 671 4545 1232 4612; baseline 0.004 -14"><span class='ocrx_word' id='word_1_476' title='bbox 671 4549 906 4612; x_wconf 72' lang='lat' dir='ltr'><strong>ficantur,</strong></span> <span class='ocrx_word' id='word_1_477' title='bbox 943 4545 1011 4599; x_wconf 72' lang='lat' dir='ltr'><strong>cf.</strong></span> <span class='ocrx_word' id='word_1_478' title='bbox 1049 4549 1232 4600; x_wconf 55' lang='lat' dir='ltr'><strong>adest.</strong></span> 
     </span>
    </p>

    <p class='ocr_par' dir='ltr' id='par_1_15' title="bbox 669 4631 4090 4873">
     <span class='ocr_line' id='line_1_42' title="bbox 957 4631 4089 4706; baseline 0.003 -22"><span class='ocrx_word' id='word_1_479' title='bbox 957 4632 1004 4697; x_wconf 77' lang='lat'><strong>⁹)</strong></span> <span class='ocrx_word' id='word_1_480' title='bbox 1053 4631 1299 4686; x_wconf 82' lang='lat' dir='ltr'><strong>Traditae</strong></span> <span class='ocrx_word' id='word_1_481' title='bbox 1333 4635 1388 4686; x_wconf 85' lang='lat' dir='ltr'><strong>iu</strong></span> <span class='ocrx_word' id='word_1_482' title='bbox 1429 4635 1666 4701; x_wconf 85' lang='lat' dir='ltr'><strong>sequenti</strong></span> <span class='ocrx_word' id='word_1_483' title='bbox 1701 4647 1856 4686; x_wconf 88' lang='lat' dir='ltr'><strong>versu</strong></span> <span class='ocrx_word' id='word_1_484' title='bbox 1891 4633 1936 4699; x_wconf 86' lang='lat'><strong>(1</strong></span> <span class='ocrx_word' id='word_1_485' title='bbox 1963 4633 2011 4702; x_wconf 81' lang='lat'><strong>3,</strong></span> <span class='ocrx_word' id='word_1_486' title='bbox 2032 4634 2120 4699; x_wconf 81' lang='lat'><strong>14)</strong></span> <span class='ocrx_word' id='word_1_487' title='bbox 2156 4635 2445 4702; x_wconf 84' lang='lat' dir='ltr'><strong>scripturae</strong></span> <span class='ocrx_word' id='word_1_488' title='bbox 2481 4635 2803 4702; x_wconf 83' lang='lat' dir='ltr'><strong>‘respiceret’</strong></span> <span class='ocrx_word' id='word_1_489' title='bbox 2839 4650 3003 4702; x_wconf 86' lang='lat' dir='ltr'><strong>nuper</strong></span> <span class='ocrx_word' id='word_1_490' title='bbox 3040 4637 3395 4704; x_wconf 80' lang='lat' dir='ltr'><strong>patrocinatus</strong></span> <span class='ocrx_word' id='word_1_491' title='bbox 3431 4645 3512 4690; x_wconf 84' lang='lat' dir='ltr'><strong>est</strong></span> <span class='ocrx_word' id='word_1_492' title='bbox 3546 4639 3601 4692; x_wconf 89' lang='lat' dir='ltr'><strong>C.</strong></span> <span class='ocrx_word' id='word_1_493' title='bbox 3628 4639 3683 4692; x_wconf 87' lang='lat' dir='ltr'><strong>P.</strong></span> <span class='ocrx_word' id='word_1_494' title='bbox 3710 4641 3925 4693; x_wconf 80' lang='lat' dir='ltr'><strong>Schnlze</strong></span> <span class='ocrx_word' id='word_1_495' title='bbox 3948 4643 4089 4706; x_wconf 79' lang='lat' dir='ltr'><strong>(Bei-</strong></span> 
     </span>
     <span class='ocr_line' id='line_1_43' title="bbox 669 4719 4090 4794; baseline 0.002 -22"><span class='ocrx_word' id='word_1_496' title='bbox 669 4721 816 4785; x_wconf 62' lang='lat' dir='ltr'><strong>trffge</strong></span> <span class='ocrx_word' id='word_1_497' title='bbox 859 4737 952 4773; x_wconf 84' lang='lat' dir='ltr'><strong>zur</strong></span> <span class='ocrx_word' id='word_1_498' title='bbox 987 4719 1282 4785; x_wconf 64' lang='lat' dir='ltr'><strong>Erklirung</strong></span> <span class='ocrx_word' id='word_1_499' title='bbox 1325 4721 1417 4773; x_wconf 87' lang='lat' dir='ltr'><strong>der</strong></span> <span class='ocrx_word' id='word_1_500' title='bbox 1461 4722 1744 4773; x_wconf 72' lang='lat' dir='ltr'><strong>riimischen</strong></span> <span class='ocrx_word' id='word_1_501' title='bbox 1785 4721 2051 4788; x_wconf 77' lang='lat' dir='ltr'><strong>Elegiker,</strong></span> <span class='ocrx_word' id='word_1_502' title='bbox 2089 4721 2255 4786; x_wconf 79' lang='lat'><strong>1893,</strong></span> <span class='ocrx_word' id='word_1_503' title='bbox 2299 4737 2380 4790; x_wconf 76' lang='lat' dir='ltr'><strong>pg.</strong></span> <span class='ocrx_word' id='word_1_504' title='bbox 2414 4721 2501 4786; x_wconf 82' lang='grc'><strong>19)</strong></span> <span class='ocrx_word' id='word_1_505' title='bbox 2552 4737 2711 4789; x_wconf 82' lang='lat' dir='ltr'><strong>neque</strong></span> <span class='ocrx_word' id='word_1_506' title='bbox 2760 4723 2992 4790; x_wconf 82' lang='lat' dir='ltr'><strong>respexit</strong></span> <span class='ocrx_word' id='word_1_507' title='bbox 3032 4739 3158 4790; x_wconf 89' lang='lat' dir='ltr'><strong>qnae</strong></span> <span class='ocrx_word' id='word_1_508' title='bbox 3207 4725 3270 4776; x_wconf 87' lang='lat' dir='ltr'><strong>ad</strong></span> <span class='ocrx_word' id='word_1_509' title='bbox 3316 4721 3435 4776; x_wconf 74' lang='lat' dir='ltr'><strong>lior.</strong></span> <span class='ocrx_word' id='word_1_510' title='bbox 3472 4743 3515 4779; x_wconf 91' lang='lat' dir='ltr'><strong>c.</strong></span> <span class='ocrx_word' id='word_1_511' title='bbox 3551 4725 3678 4794; x_wconf 92' lang='grc'><strong>115,</strong></span> <span class='ocrx_word' id='word_1_512' title='bbox 3708 4726 3765 4782; x_wconf 88' lang='grc'><strong>21</strong></span> <span class='ocrx_word' id='word_1_513' title='bbox 3818 4728 4090 4782; x_wconf 78' lang='lat' dir='ltr'><strong>adnotavit</strong></span> 
     </span>
     <span class='ocr_line' id='line_1_44' title="bbox 670 4805 1494 4873; baseline -0.001 -15"><span class='ocrx_word' id='word_1_514' title='bbox 670 4805 944 4873; x_wconf 74' lang='lat' dir='ltr'><strong>Riei&#39;sling.</strong></span> <span class='ocrx_word' id='word_1_515' title='bbox 1018 4806 1095 4859; x_wconf 79' lang='lat' dir='ltr'><strong>Cf.</strong></span> <span class='ocrx_word' id='word_1_516' title='bbox 1133 4805 1246 4858; x_wconf 83' lang='lat' dir='ltr'><strong>Tib.</strong></span> <span class='ocrx_word' id='word_1_517' title='bbox 1271 4805 1316 4858; x_wconf 86' lang='lat'><strong>11</strong></span> <span class='ocrx_word' id='word_1_518' title='bbox 1339 4806 1388 4869; x_wconf 88' lang='grc'><strong>5,</strong></span> <span class='ocrx_word' id='word_1_519' title='bbox 1414 4806 1494 4857; x_wconf 90' lang='grc'><strong>22.</strong></span> 
     </span>
    </p>

    <p class='ocr_par' dir='ltr' id='par_1_16' title="bbox 939 4890 3101 4962">
     <span class='ocr_line' id='line_1_45' title="bbox 939 4890 3101 4962; baseline 0.001 -17"><span class='ocrx_word' id='word_1_520' title='bbox 939 4893 1008 4958; x_wconf 85' lang='lat'><strong>¹⁰)</strong></span> <span class='ocrx_word' id='word_1_521' title='bbox 1053 4890 1128 4945; x_wconf 67' lang='grc' dir='ltr'><strong>(Ξῖ.</strong></span> <span class='ocrx_word' id='word_1_522' title='bbox 1166 4907 1295 4960; x_wconf 87' lang='lat' dir='ltr'><strong>quae</strong></span> <span class='ocrx_word' id='word_1_523' title='bbox 1331 4893 1580 4946; x_wconf 84' lang='lat' dir='ltr'><strong>disseruit</strong></span> <span class='ocrx_word' id='word_1_524' title='bbox 1613 4893 1670 4944; x_wconf 77' lang='lat' dir='ltr'><strong>H.</strong></span> <span class='ocrx_word' id='word_1_525' title='bbox 1701 4893 1916 4958; x_wconf 68' lang='lat' dir='ltr'><strong>Hagnas</strong></span> <span class='ocrx_word' id='word_1_526' title='bbox 1951 4910 1998 4945; x_wconf 89' lang='lat' dir='ltr'><strong>a.</strong></span> <span class='ocrx_word' id='word_1_527' title='bbox 2031 4893 2160 4947; x_wconf 81' lang='lat'>1887</span> <span class='ocrx_word' id='word_1_528' title='bbox 2197 4895 2250 4946; x_wconf 87' lang='lat' dir='ltr'><strong>in</strong></span> <span class='ocrx_word' id='word_1_529' title='bbox 2289 4909 2371 4962; x_wconf 68' lang='grc' dir='ltr'><strong>μς.</strong></span> <span class='ocrx_word' id='word_1_530' title='bbox 2398 4893 2497 4946; x_wconf 76' lang='grc'><strong>825</strong></span> <span class='ocrx_word' id='word_1_531' title='bbox 2532 4893 2655 4947; x_wconf 85' lang='lat' dir='ltr'><strong>libri</strong></span> <span class='ocrx_word' id='word_1_532' title='bbox 2692 4909 2847 4962; x_wconf 86' lang='lat' dir='ltr'><strong>snpra</strong></span> <span class='ocrx_word' id='word_1_533' title='bbox 2882 4895 3101 4950; x_wconf 80' lang='lat' dir='ltr'><strong>laudati.</strong></span> 
     </span>
    </p>

    <p class='ocr_par' dir='ltr' id='par_1_17' title="bbox 939 4978 2270 5048">
     <span class='ocr_line' id='line_1_46' title="bbox 939 4978 2270 5048; baseline -0.001 -16"><span class='ocrx_word' id='word_1_534' title='bbox 939 4981 1009 5044; x_wconf 82' lang='lat'><strong>¹¹)</strong></span> <span class='ocrx_word' id='word_1_535' title='bbox 1055 4978 1132 5032; x_wconf 85' lang='lat' dir='ltr'><strong>Cl&#39;.</strong></span> <span class='ocrx_word' id='word_1_536' title='bbox 1168 4986 1496 5047; x_wconf 83' lang='lat' dir='ltr'><strong>conspectum</strong></span> <span class='ocrx_word' id='word_1_537' title='bbox 1533 4981 1584 5031; x_wconf 88' lang='lat' dir='ltr'><strong>in</strong></span> <span class='ocrx_word' id='word_1_538' title='bbox 1623 4997 1701 5047; x_wconf 61' lang='grc' dir='ltr'><strong>με.</strong></span> <span class='ocrx_word' id='word_1_539' title='bbox 1733 4981 1810 5031; x_wconf 86' lang='grc'><strong>15.</strong></span> <span class='ocrx_word' id='word_1_540' title='bbox 1841 4982 1904 5034; x_wconf 93' lang='grc'><strong>16</strong></span> <span class='ocrx_word' id='word_1_541' title='bbox 1941 4981 2270 5048; x_wconf 77' lang='lat' dir='ltr'><strong>propositum.</strong></span> 
     </span>
    </p>

    <p class='ocr_par' dir='ltr' id='par_1_18' title="bbox 670 5063 4085 5218">
     <span class='ocr_line' id='line_1_47' title="bbox 937 5063 4085 5142; baseline 0.004 -28"><span class='ocrx_word' id='word_1_542' title='bbox 937 5063 1006 5129; x_wconf 65' lang='grc' dir='ltr'><strong>ι3)</strong></span> <span class='ocrx_word' id='word_1_543' title='bbox 1057 5064 1112 5115; x_wconf 88' lang='grc' dir='ltr'><strong>1ιι</strong></span> <span class='ocrx_word' id='word_1_544' title='bbox 1149 5065 1404 5119; x_wconf 65' lang='lat' dir='ltr'><strong>interiore</strong></span> <span class='ocrx_word' id='word_1_545' title='bbox 1439 5072 1586 5134; x_wconf 85' lang='lat' dir='ltr'><strong>parte</strong></span> <span class='ocrx_word' id='word_1_546' title='bbox 1621 5066 1835 5119; x_wconf 83' lang='lat' dir='ltr'><strong>litterae</strong></span> <span class='ocrx_word' id='word_1_547' title='bbox 1859 5083 1892 5118; x_wconf 88' lang='grc' dir='ltr'><strong>ιι</strong></span> <span class='ocrx_word' id='word_1_548' title='bbox 1929 5073 1982 5119; x_wconf 88' lang='lat' dir='ltr'><strong>et</strong></span> <span class='ocrx_word' id='word_1_549' title='bbox 2017 5067 2069 5118; x_wconf 88' lang='lat' dir='ltr'><strong>in</strong></span> <span class='ocrx_word' id='word_1_550' title='bbox 2109 5067 2376 5134; x_wconf 80' lang='lat' dir='ltr'><strong>superiore</strong></span> <span class='ocrx_word' id='word_1_551' title='bbox 2412 5067 2622 5120; x_wconf 84' lang='lat' dir='ltr'><strong>litterae</strong></span> <span class='ocrx_word' id='word_1_552' title='bbox 2646 5073 2671 5118; x_wconf 86' lang='lat' dir='ltr'><strong>t</strong></span> <span class='ocrx_word' id='word_1_553' title='bbox 2702 5068 2837 5119; x_wconf 88' lang='lat' dir='ltr'><strong>tales</strong></span> <span class='ocrx_word' id='word_1_554' title='bbox 2874 5085 3087 5123; x_wconf 88' lang='lat' dir='ltr'><strong>rasurae</strong></span> <span class='ocrx_word' id='word_1_555' title='bbox 3122 5079 3261 5138; x_wconf 86' lang='lat' dir='ltr'><strong>sunt,</strong></span> <span class='ocrx_word' id='word_1_556' title='bbox 3296 5079 3355 5123; x_wconf 88' lang='lat' dir='ltr'><strong>ut</strong></span> <span class='ocrx_word' id='word_1_557' title='bbox 3388 5072 3607 5125; x_wconf 87' lang='lat' dir='ltr'><strong>‘uidens’</strong></span> <span class='ocrx_word' id='word_1_558' title='bbox 3639 5075 3887 5142; x_wconf 85' lang='lat' dir='ltr'><strong>scriptum</strong></span> <span class='ocrx_word' id='word_1_559' title='bbox 3923 5073 4085 5128; x_wconf 76' lang='lat' dir='ltr'><strong>fuisse</strong></span> 
     </span>
     <span class='ocr_line' id='line_1_48' title="bbox 670 5149 1131 5218; baseline 0.004 -18"><span class='ocrx_word' id='word_1_560' title='bbox 670 5149 831 5201; x_wconf 88' lang='lat' dir='ltr'><strong>liccat</strong></span> <span class='ocrx_word' id='word_1_561' title='bbox 864 5152 1131 5218; x_wconf 82' lang='lat' dir='ltr'><strong>suspicari.</strong></span> 
     </span>
    </p>
   </div>
   <div class='ocr_carea' id='block_1_5' title="bbox 3586 5245 3659 5306">
    <p class='ocr_par' dir='ltr' id='par_1_19' title="bbox 3586 5245 3659 5306">
     <span class='ocr_line' id='line_1_49' title="bbox 3586 5245 3659 5306; baseline 0 -24"><span class='ocrx_word' id='word_1_562' title='bbox 3586 5245 3659 5306; x_wconf 60' lang='grc'><strong>3*</strong></span> 
     </span>
    </p>
   </div>
  </div>
 </body>
</html>
