4709 5675
2077 327 2527 392 ...17-

495 557 500 564 -
599 510 915 600 Schreiber
962 507 1122 572 nicht
1167 519 1312 570 etwa
1359 507 1456 570 ein
1487 503 1882 588 Interpolator
1911 507 2352 587 gewohnlicben
2389 505 2663 585 Schlages
2711 505 2806 577 ist,
2853 506 2982 568 der
3026 523 3158 568 von
3190 504 3536 568 Wortlaut
3579 505 3726 567 und
3773 505 4014 569 Buch-

600 624 862 689 staben
909 623 1153 685 seiner
1194 622 1484 702 Vorlage
1529 622 1946 700 ausgehend
2003 620 2088 683 sie
2135 639 2210 682 zu
2255 619 2646 683 emendieren
2691 620 2885 692 sucht,
2930 655 3013 664 -—
3059 619 3217 692 ocio,
3262 619 3356 680 ein
3402 637 3470 681 so
3516 617 3841 700 bosartiger
3886 619 4014 694 Un-

603 739 760 810 hold,
807 737 912 798 wie
956 755 1020 798 er
1068 736 1180 797 mir
1225 731 1496 797 Gottlob!
1541 735 1601 796 in
1651 735 1882 797 meiner
1911 735 2114 797 Praxis
2157 735 2313 797 noch
2360 733 2527 795 nicht
2568 732 3028 813 vorgekommen
3067 731 3164 794 ist.
3228 731 3306 794 Er
3350 732 3647 794 sabriziert
3694 732 3856 794 nicht
3900 752 4019 795 nur

603 868 748 932 ganz
791 848 1130 916 vvillluirlich
1181 849 1413 911 Worter
1461 848 1578 911 und
1625 847 1795 910 balbe
1825 848 2024 922 Verse,
2079 848 2344 910 sondern
2385 846 2533 908 auch
2580 846 2782 925 ganze’
2800 846 2867 927 1).
2959 846 3074 908 Sed
3121 845 3279 907 bunc
3322 863 3561 926 quoque
3606 844 3907 907 librarium
3956 846 4017 907 in

606 962 887 1043 explendo
934 981 965 1023 a
1015 961 1330 1024 sententiis
1375 960 1689 1040 verbisque
1744 961 1804 1022 in
1863 962 2133 1042 exemplo
2186 980 2295 1024 suo
2347 960 2581 1023 traditis
2642 958 2971 1039 profectum
3031 977 3161 1020 esse
3206 976 3350 1019 num
3400 977 3549 1038 opus
3596 966 3687 1020 est
3732 958 4017 1039 exemplis

601 1074 784 1136 allatis
831 1071 1232 1136 confirmare?
1294 1075 1482 1148 Certe,
1531 1074 1590 1134 ni
1637 1073 1715 1135 ita
1761 1082 1933 1147 esset,
1978 1074 2147 1137 facile
2191 1093 2403 1136 omnes
2449 1074 2518 1134 de
2554 1073 2645 1134 his
2677 1072 3233 1153 interpolationibus
3267 1071 3766 1134 consentiremus.
3827 1074 4021 1152 Atque

600 1188 777 1250 etiam
824 1208 858 1250 a
905 1187 1114 1251 litteris
1161 1188 1410 1262 traditis,
1455 1196 1746 1268 quantum
1793 1207 1901 1269 pro
1947 1187 2189 1267 ingenio
2227 1205 2338 1248 suo
2385 1186 2601 1268 potuit,
2646 1186 2707 1248 in
2742 1185 3117 1248 emendando
3150 1204 3285 1248 eum
3318 1186 3652 1266 profectum
3686 1201 3819 1247 esse
3852 1204 4016 1248 corn-

601 1300 870 1381 pluribus
915 1301 1056 1362 locis
1103 1299 1429 1381 apparet2).

890 1413 1010 1475 Iam
1057 1414 1302 1493 Magnus
1349 1413 1487 1474 dicit
1533 1415 1650 1494 (pg.
1683 1414 1902 1491 1547„
1965 1412 2066 1475 ‘Ist
2113 1433 2177 1475 es
2224 1412 2382 1475 denn
2428 1413 2570 1474 aber
2613 1411 2923 1490 glaublich,
2971 1412 3103 1475 dass
3150 1431 3213 1475 es
3260 1413 3393 1474 dem
3427 1412 3814 1493 Interpolator
3857 1412 4023 1473 nicht

606 1525 754 1588 auch
801 1527 1089 1589 mitunter
1121 1524 1378 1604 glnckte‚
1424 1526 1599 1588 einen
1631 1526 2148 1604 unvollstfindigen
2172 1527 2316 1588 Vers
2362 1545 2429 1587 so
2474 1525 2705 1587 leidlich
2751 1544 2824 1586 zu
2859 1529 3167 1604 erganzem
3216 1525 3345 1587 dass
3381 1542 3515 1586 man
3548 1524 3714 1586 nicht
3742 1524 4023 1586 ernstlich

604 1639 915 1701 anstossen
949 1634 1158 1700 kann?
1191 1671 1272 1684 —-
1303 1637 1478 1708 Kurz,
1525 1638 1741 1701 beruht
1788 1658 1972 1701 unser
2001 1638 2151 1700 Text
2179 1637 2440 1701 wirklich
2474 1637 2579 1699 auf
2604 1638 2772 1699 einer
2804 1637 3094 1716 einzigen,
3140 1637 3199 1699 in
3232 1636 3449 1700 diesem
3485 1636 4023 1717 ungeheuerlicben

605 1751 795 1813 Grade
855 1750 1215 1830 gesalschten
1263 1751 1394 1824 Hs„
1457 1751 1616 1813 dann
1677 1751 1811 1813 sind
1858 1751 1966 1813 wir
2008 1751 2177 1831 vollig
2237 1753 2434 1814 ausser
2478 1751 2724 1821 mande,
2786 1751 2997 1814 Ecbtes
3045 1751 3166 1812 und
3216 1750 3511 1812 Unecbtes
3572 1769 3644 1811 zu
3704 1749 4024 1812 scheiden'.

602 1863 750 1926 Illud
792 1863 1018 1926 factum
1065 1881 1192 1925 esse
1239 1883 1414 1944 posse
1459 1865 1752 1935 concedo;
1797 1865 1910 1926 boc
1954 1865 2094 1927 inde
2139 1865 2331 1945 colligi
2378 1883 2627 1927 necesse
2672 1884 2806 1927 esse
2851 1883 3021 1944 nego.
3110 1863 3318 1945 Neque
3363 1863 3521 1926 enim
3576 1881 3838 1944 unquam
3886 1863 4019 1924 sine

604 1975 792 2064 aliqua
855 1996 1030 2038 causa
1089 1977 1163 2038 ad
1219 1977 1518 2039 audaciam
1581 1977 1972 2040 excusandam
2030 1977 2246 2040 idonea
2307 1979 2379 2040 ad
2440 1978 2877 2059 interpolatoris
2925 1977 3185 2039 officium
3248 1977 3346 2038 ille
3390 1977 3669 2039 librarius
3713 1994 4023 2056 aggressus

605 2099 726 2162 est,
793 2091 841 2150 si
906 2089 1232 2170 excipimus
1300 2090 1459 2152 locos
1529 2109 1680 2170 quos
1748 2091 1810 2151 in
1865 2092 2014 2172 prol.
2063 2109 2155 2171 pg.
2191 2091 2266 2153 81
2328 2091 2788 2153 commemoravi
2844 2090 3021 2152 nimis
3064 2090 3343 2152 audacter
3386 2100 3563 2169 atque
3608 2089 3752 2151 adeo
3801 2098 4025 2151 temere

609 2212 897 2264 mutatos:
967 2202 1182 2284 quibus
1237 2203 1362 2283 ipse
1406 2201 1651 2282 Magnus
1696 2203 2186 2284 interpolationes
2227 2204 2530 2284 archetypi
2576 2203 2798 2265 detexit
2843 2221 3037 2283 neque
3081 2211 3283 2264 tamen
3330 2202 3403 2264 dc
3448 2202 3647 2264 critice
3692 2202 4025 2263 Tibulliana

609 2315 956 2396 desperavit.
1048 2314 1270 2377 Deinde
1317 2317 1455 2377 satis
1507 2317 1674 2378 multi
1719 2334 1926 2378 versus
1985 2315 2044 2377 in
2102 2316 2306 2378 mediis
2366 2316 2582 2378 codicis
2626 2325 2655 2378 t
2716 2316 2943 2397 paginis
3005 2315 3213 2396 scripti
3270 2324 3528 2389 restant,
3598 2314 3841 2395 quibu8‚
3912 2315 4029 2378 nisi

608 2428 937 2507 singulares
1000 2447 1208 2491 causae
1275 2437 1336 2490 et
1393 2448 1527 2491 cum
1591 2429 1812 2492 librarii
1865 2429 1977 2492 illis
2022 2449 2176 2509 quae
2221 2449 2399 2510 supra
2446 2429 2566 2492 dixi
2612 2429 2875 2492 consiliis
2920 2437 3319 2509 congruentes
3366 2428 3691 2498 exsistunt,
3759 2430 4026 2491 codicum

609 2542 955 2603 auctoritate
1000 2541 1302 2603 confidere
1347 2559 1467 2603 non
1512 2542 1703 2603 solum
1751 2543 1886 2605 licet
1929 2543 2032 2604 sed
2080 2543 2257 2605 etiam
2302 2551 2571 2623 oportet:
2618 2562 2689 2604 ex
2732 2542 2826 2604 his
2873 2541 3075 2622 igitur,
3120 2542 3262 2622 quid
3291 2541 3696 2603 Tibullianum
3744 2542 3837 2615 sit,
3884 2541 4024 2622 quid

611 2671 752 2726 non,
799 2653 942 2715 satis
989 2667 1150 2716 certo
1199 2655 1470 2734 cognosci
1517 2663 1730 2734 potest.
1799 2655 2022 2728 Quodsi
2071 2674 2208 2718 vero
2256 2656 2354 2718 hic
2400 2656 2513 2720 illic
2559 2656 2810 2718 forsitan
2860 2653 3233 2734 contigerit⁸)
3264 2655 3673 2736 interpolatori
3721 2665 3785 2716 ut
3815 2654 4031 2716 Tibulli

614 2764 962 2847 Lygdamive
1008 2775 1193 2829 artem
1243 2767 1320 2828 ita
1368 2766 1740 2849 adaequaret,
1804 2778 1868 2830 ut
1913 2769 2041 2830 eius
2089 2769 2263 2831 verba
2308 2789 2340 2831 a
2386 2777 2698 2851 poetarum
2746 2768 2938 2830 verbis
2986 2768 3332 2847 dignoscere
3376 2768 3488 2828 iam
3537 2786 3922 2850 nequeamus,
3968 2769 4028 2830 in

611 2877 828 2940 Tibulli
892 2879 1074 2941 libros
1141 2880 1298 2941 idem
1367 2881 1524 2942 cadit
1583 2883 1742 2963 quod
1805 2882 1866 2942 in
1927 2892 2157 2944 ceteros
2217 2891 2526 2963 poetarum
2590 2901 2919 2962 prosaeque
2967 2882 3251 2944 orationis
3295 2881 3651 2963 scriptorum
3700 2880 3881 2943 libros
3929 2880 4030 2962 qui

613 2991 856 3073 quidem
903 2991 1278 3073 interpolatis
1325 2993 1625 3055 codicibus
1671 2994 1872 3060 traditi
1915 2994 2086 3056 nobis
2131 2995 2281 3056 sint:
2330 3013 2587 3075 quorum
2623 2995 2695 3057 de
2727 2996 2925 3057 critice
2957 2994 3174 3058 idcirco
3220 3012 3401 3057 nemo
3446 2993 3637 3056 adhuc
3680 2996 4029 3075 desperavit.

901 3104 1148 3167 Gravius
1214 3104 1442 3167 videtur
1503 3124 1629 3169 esse
1698 3107 1855 3188 quod
1914 3106 2161 3187 Magnus
2229 3108 2371 3169 dicit
2425 3107 2799 3190 (pg.15·48):
2874 3107 2993 3169 ‘Ich
3061 3116 3217 3170 setze
3277 3108 3493 3170 wieder
3561 3108 3676 3168 den
3740 3108 3889 3178 Fau,
3957 3126 4031 3169 an

616 3235 896 3279 unserem
945 3217 1131 3280 Texte
1175 3218 1262 3279 sei
1309 3218 1572 3280 wirklich
1629 3220 1947 3294 fiberall,
2011 3240 2101 3282 wo
2147 3220 2304 3282 Verf.
2351 3220 2459 3283 ihn
2504 3221 2859 3301 bema‘ingelt,
2915 3230 3093 3283 etwas
3137 3229 3539 3283 auszusetzen.
3630 3220 3827 3283 Selbst
3871 3220 4030 3283 dann

614 3328 952 3392 vermocbte
997 3330 1089 3392 ich
1136 3331 1299 3393 seine
1345 3331 1620 3393 Schliisse
1668 3333 1830 3395 nicht
1874 3333 2032 3395 ohne
2076 3333 2346 3397 weiteres
2403 3334 2891 3398 anzuerkennen.
2983 3334 3058 3395 Es
3106 3334 3294 3396 bliebe
3350 3334 3568 3395 immer
3612 3334 3762 3396 noch
3819 3352 3888 3394 zu
3936 3351 4034 3394 er-

617 3448 837 3521 wagen‚
881 3443 959 3505 ob
1004 3444 1168 3505 nicht
1211 3445 1358 3507 auch
1405 3446 1622 3507 einmal
1670 3446 1776 3508 des
1817 3446 2082 3509 Dichters
2117 3447 2322 3508 Worte
2369 3447 2545 3509 Tadel
2595 3448 2934 3523 ver-dienen,
2980 3447 3056 3509 ob
3105 3448 3268 3509 nicht
3314 3446 3595 3509 vielmehr
3638 3446 4031 3526 Korruptelen

615 3557 756 3619 oder
785 3557 1022 3620 Lficken
1069 3558 1150 3619 im
1183 3557 1358 3619 Arch.
1404 3558 1701 3639 vorliegen
1747 3578 1805 3621 u.
1839 3580 1889 3621 s.
1923 3559 2012 3619 w.'
2075 3558 2191 3621 Sed
2239 3578 2346 3640 ego
2392 3560 2448 3621 id
2496 3560 2630 3623 dedi
2679 3578 2922 3642 operam
2971 3568 3035 3623 ut
3082 3560 3255 3622 verba
3301 3579 3453 3640 quae
3497 3558 3851 3639 interpolata
3900 3578 4033 3621 esse

613 3669 868 3732 arbitror
927 3679 1028 3731 aut
1084 3670 1339 3732 absurda
1402 3690 1532 3733 esse
1595 3680 1696 3733 aut
1756 3690 1891 3733 cum
1953 3672 2240 3753 proximis
2303 3690 2565 3755 pugnare
2624 3683 2725 3735 aut
2785 3693 2816 3735 a
2861 3673 3079 3735 Tibulli
3142 3673 3376 3752 ingenio
3433 3673 3619 3734 aliena
3667 3691 3797 3733 esse
3842 3690 4036 3753 neque

613 3780 980 3862 probabilem
1027 3783 1466 3851 excusationem
1516 3786 1737 3846 habere
1782 3784 2287 3858 demonstrarem;
2343 3804 2541 3865 neque
2588 3795 2788 3847 tamen
2833 3785 3232 3868 praeiudicata
3281 3786 3353 3847 de
3400 3785 3639 3864 ingenio
3686 3793 3865 3866 atque
3910 3794 4034 3846 arte

615 3904 827 3972 poetae
885 3895 1169 3977 opinione
1230 3906 1436 3977 captus
1497 3896 1554 3957 id
1615 3897 1806 3976 egisse
1853 3897 1996 3958 mihi
2044 3898 2246 3960 videor
2291 3906 2360 3959 ut
2403 3898 2692 3979 quidquid
2738 3898 3093 3979 reprehendi
3140 3907 3341 3980 posset
3385 3897 3455 3959 ab
3502 3916 3571 3959 eo
3616 3896 4034 3959 abiudicarem.

619 4004 838 4068 Deinde
897 4010 1184 4089 quaedam
1247 4010 1462 4071 menda
1522 4010 1705 4071 invito
1771 4010 2074 4091 archetypi
2132 4011 2372 4073 librario
2434 4012 2721 4073 excidisse
2779 4012 2906 4092 ipse
2969 4007 3207 4091 docui⁴)
3251 4028 3447 4092 neque
3491 4011 3740 4073 eandem
3790 4009 4035 4073 traditae

618 4118 943 4199 scripturae
1011 4122 1459 4205 explicationem
1529 4122 1592 4183 in
1661 4123 1890 4185 nullum
1959 4132 2257 4205 praeterea
2327 4144 2360 4185 e
2427 4124 2621 4186 minus
2681 4124 3012 4206 depravatis
3030 4125 3077 4199 ⁶)
3124 4143 3359 4186 versum
3408 4125 3621 4186 cadere
3666 4141 3841 4206 posse
3887 4122 4037 4185 dico.

622 4230 883 4294 Lacunas
928 4243 1126 4296 autem
1174 4236 1273 4316 qui
1318 4236 1382 4297 in
1429 4236 1743 4315 archetypo
1791 4236 1972 4298 factas
2019 4256 2146 4299 esse
2191 4237 2547 4318 suspicatur,
2594 4238 2719 4299 eius
2766 4246 2875 4311 est,
2922 4256 3039 4318 quo
3082 4238 3256 4299 modo
3302 4237 3364 4298 in
3410 4237 3509 4299 illo
3554 4238 3681 4297 fieri
3730 4236 4039 4317 potuerint

619 4344 950 4424 explanare.
1041 4346 1240 4424 Longe
1289 4348 1540 4409 maxima
1589 4366 1727 4408 vero
1791 4367 1994 4411 earum
2059 4369 2202 4431 quas
2261 4350 2324 4411 in
2380 4370 2475 4431 pg.
2516 4350 2769 4412 14-16
2826 4350 3168 4413 enumeravi
3215 4350 3681 4430 corruptelarum
3738 4358 3807 4409 et
3862 4366 4038 4411 con-

619 4456 1026 4520 sideratior
1107 4469 1179 4521 et
1257 4460 1630 4541 aequalior
1702 4472 1816 4525 est
1887 4481 2102 4544 quam
2169 4472 2248 4525 ut
2311 4472 2435 4524 aut
2501 4448 2697 4525 casui
2765 4474 2887 4525 aut
2952 4461 3451 4544 compluribus
3518 4460 3855 4524 librariis
3924 4480 4039 4523 eas

621 4570 1066 4632 tribuendas
1111 4590 1269 4635 esse
1313 4572 1461 4635 veri
1505 4574 1600 4635 sit
1643 4574 1901 4636 simile.

905 4718 946 4785 ¹)
1002 4717 1111 4784 Quo
1150 4734 1358 4771 numero
1399 4721 1588 4786 plurali
1624 4737 1747 4773 usus
1785 4722 1878 4774 ille
1914 4737 2073 4773 meam
2107 4721 2413 4773 sententiam
2452 4738 2548 4772 oon
2586 4720 2821 4773 rettulit.

903 4804 946 4871 ἵ)
1002 4802 1077 4855 ef.
1113 4821 1241 4872 quae
1278 4808 1389 4858 dixi
1424 4809 1487 4859 dc
1521 4809 1762 4859 versibus
1790 4806 1887 4871 16,
1915 4808 1979 4858 72
2016 4808 2068 4873 (e
2105 4808 2336 4874 reliquiis
2377 4809 2647 4859 verborum
2685 4806 2755 4857 ‘ln
2794 4808 2986 4859 medias
3024 4806 3280 4875 praeceps’
3318 4810 3463 4874 [male
3502 4808 3658 4860 verba
3694 4807 3947 4857 collocavi
3988 4809 4037 4857 iu

619 4891 746 4956 prol.
785 4906 862 4958 pg.
891 4892 976 4953 33]
1011 4892 1164 4943 finxit
1197 4891 1472 4944 ‘Immerito
1511 4891 1802 4961 propriis')3
1837 4893 1880 4945 ll
1909 4896 1956 4958 3,
1981 4896 2076 4958 613
2113 4895 2165 4959 6,
2192 4896 2293 4957 453
2325 4893 2393 4945 ΠΙ
2422 4896 2471 4959 2,
2496 4894 2553 4957 5;
2593 4896 2641 4956 5,
2667 4892 2728 4954 ὃς
2764 4892 2813 4956 6,
2842 4894 2923 4945 52.

909 4978 950 5043 ³)
1005 4978 1056 5029 id
1093 4980 1241 5047 quod,
1277 4982 1323 5031 si
1361 4972 1532 5032 eorum
1571 4996 1697 5048 quac
1737 4983 2080 5048 interpolasse
2117 4984 2346 5033 creditur
2386 4989 2616 5033 naturam
2654 4987 2960 5046 spectamus,
2999 5000 3094 5032 non
3134 4988 3215 5033 est
3250 4982 3366 5033 veri
3402 4981 3589 5033 simile.

906 5065 952 5131 ⁴)
1002 5063 1078 5117 cf.
1118 5068 1250 5134 prol.
1286 5082 1366 5133 pg.
1393 5069 1476 5120 49.
1506 5069 1586 5119 82.
1630 5069 1710 5120 74.
1738 5067 1960 5120 77—78.

911 5152 954 5217 ⁵)
1009 5152 1083 5205 Cf.
1124 5156 1254 5221 prol.
1289 5170 1372 5221 pg.
1399 5156 1620 5207 62-63.
1649 5156 1729 5207 82.

736 5233 904 5275 Ankon.
935 5234 1093 5288 (ἅγιοι).
1146 5242 1267 5281 1⁸⁹⁴.
3548 5242 3581 5297 3
