4709 5675
2129 331 2571 394 ...20-

637 507 859 569 Deinde
917 507 978 568 in
1037 527 1107 570 eo
1165 525 1232 568 ex
1290 527 1408 588 quo
1462 515 1736 588 excerpta
1783 507 1828 568 P
1883 507 2182 569 fluxerunt
2237 508 2438 570 codice
2484 509 2608 570 voci
2654 507 2901 570 ‘bidens’
2948 507 3322 569 emendatior
3368 507 3656 588 scriptura
3715 507 3943 570 reddita
3988 515 4048 568 et

636 621 974 700 compendii
1039 621 1274 700 signum
1343 622 1500 701 quod
1569 639 1749 702 supra
1809 621 2065 682 litteram
2122 639 2153 682 e
2219 621 2511 701 scriptum
2578 632 2704 682 erat
2770 620 3059 682 omissum
3124 629 3216 682 est
3235 620 3305 699 ¹).
3393 619 3458 682 Id
3522 620 3945 701 compendium
4012 640 4041 682 a

637 733 854 795 codicis
901 731 950 794 Ο
1006 733 1245 794 librario
1315 733 1581 795 habitum
1639 741 1728 794 est
1788 751 1895 814 pro
1951 731 2124 812 signo
2181 732 2435 813 syllabae
2481 731 2565 794 ‘ri'
2614 739 2672 795 et
2720 733 2895 796 metri
2941 751 3117 795 causa
3162 753 3271 795 vox
3316 734 3467 815 ‘que'
3514 735 3735 795 omissa
3782 741 3891 794 est.
3978 732 4044 795 ln

636 847 821 908 altero
867 854 1068 908 autem
1112 845 1414 928 archetypi
1455 843 1859 926 apograph02)
1904 845 2047 908 illud
2091 845 2291 920 ‘uitet'
2339 856 2633 910 mutatum
2684 855 2773 908 est
2822 847 2884 909 in
2931 845 3182 926 ‘vigent’,
3241 864 3417 927 quarn
3466 846 3864 911 coniecturam
3912 845 4047 928 quia

636 959 964 1022 necessaria
1013 977 1134 1021 non
1181 967 1274 1020 est
1315 959 1497 1021 falsae
1540 958 1670 1020 loco
1717 965 1878 1020 recte
1923 957 2128 1021 habuit
2173 959 2371 1022 Hiller.

920 1072 973 1134 11
1020 1075 1074 1147 1,
1115 1071 1196 1133 42
1252 1073 1315 1134 in
1371 1091 1421 1134 c.
1456 1074 1500 1132 Α
1560 1080 1864 1134 exaratum
1921 1079 2012 1132 est
2077 1075 2432 1154 suppotuisse
2490 1075 2633 1146 (non
2700 1075 3111 1154 supposuisse);
3178 1071 3343 1145 1114,
3382 1074 3411 1133 1
3463 1071 3648 1133 ‘mihi’
3692 1073 4045 1153 compendio

637 1186 944 1266 scriptum.
1008 1187 1346 1249 Secundum
1396 1185 1666 1247 meliores
1711 1185 1892 1246 libros
1937 1182 2136 1246 scribe
2182 1184 2322 1259 115,
2360 1185 2479 1246 117
2528 1186 2757 1260 laurus;
2800 1184 2968 1259 1114,
3000 1186 3081 1246 45
3126 1185 3393 1246 Semelae
3422 1185 3605 1266 (quod
3640 1186 3789 1247 valet
3834 1186 4047 1248 tradita

635 1299 826 1360 forma
873 1298 1164 1360 ‘Semele'.
1254 1297 1420 1373 1114,
1452 1299 1534 1359 47
1581 1296 1724 1359 mihi
1769 1299 1832 1360 in
1878 1318 1926 1360 c.
1961 1300 2005 1359 Α
2058 1298 2292 1361 videtur
2335 1317 2467 1360 esse
2512 1297 2733 1380 ‘euiq;'‚
2789 1317 3147 1379 quamquam
3192 1316 3223 1359 e
3267 1299 3493 1360 litterae
3538 1318 3567 1362 c
3618 1297 3913 1362 simillima
3956 1300 4050 1360 vix

636 1411 1021 1491 dignoscitur.
1083 1411 1156 1472 IV
1185 1414 1239 1486 1,
1271 1411 1353 1473 64
1397 1412 1444 1473 Α
1492 1411 1740 1491 praebet
1783 1411 2004 1484 ‘arces'‚
2054 1413 2134 1474 70
2179 1420 2444 1484 nantem,
2490 1409 2573 1473 82
2620 1419 2797 1485 artos,
2850 1409 2970 1473 108
3017 1410 3264 1492 ‘iapigie'
3314 1431 3491 1474 manu
3524 1412 3853 1474 recentiore
3884 1413 4047 1491 (nam

637 1524 801 1605 prior
831 1524 1088 1586 litteram
1121 1524 1156 1586 d
1203 1524 1370 1587 aliter
1415 1524 1602 1604 pingit
1646 1531 1825 1604 atque
1869 1525 1969 1587 hic
2012 1525 2164 1604 picta
2211 1526 2326 1600 est)
2372 1525 2435 1586 in
2486 1523 2736 1605 ‘iapidie'
2778 1533 3099 1600 mutatum;
3151 1523 3271 1586 139
3303 1533 3361 1586 te
3392 1534 3556 1587 tereo
3588 1524 3652 1604 (i.
3678 1545 3727 1587 e.
3761 1525 4050 1600 Theraeo,

639 1647 707 1699 ut
752 1655 915 1699 mera
961 1637 1353 1718 dittographia
1398 1638 1460 1698 in
1505 1637 1821 1718 archetypo
1867 1636 2047 1711 facta,
2103 1637 2167 1699 in
2212 1657 2262 1699 c.
2295 1636 2345 1699 Ο
2402 1638 2693 1719 descripta
2739 1657 2869 1700 esse
2916 1636 3237 1716 videatur);
3300 1636 3417 1698 165
3472 1636 3757 1719 rigentem
3806 1643 3888 1714 (m
3930 1657 4047 1700 sec.

641 1767 752 1812 ma.
799 1750 860 1813 in
907 1770 1042 1824 ras„
1087 1759 1285 1830 potest
1325 1749 1510 1812 fuisse
1551 1749 1634 1828 s);
1678 1749 1752 1810 IV
1781 1749 1878 1824 12,
1909 1747 1949 1808 2
1997 1748 2194 1812 uideas
2240 1754 2334 1830 (ut
2380 1751 2424 1810 V
2470 1769 2585 1812 rna.
2631 1749 2787 1830 pri.).
2862 1748 2935 1810 1v
2966 1749 3025 1823 5,
3064 1748 3139 1810 16
3184 1748 3247 1812 in
3291 1768 3519 1822 rasura,
3565 1769 3717 1832 quae
3762 1761 3852 1814 est
3892 1752 4053 1816 inter

636 1863 743 1926 hac
787 1873 848 1926 et
889 1863 1142 1938 soluisse,
1188 1861 1333 1925 ‘nos’
1383 1863 1666 1943 scriptum
1717 1881 1837 1925 non
1883 1852 2068 1926 fuisse
2116 1862 2386 1944 liquet³)‚
2432 1864 2533 1926 sed
2580 1864 2721 1945 quid
2764 1862 2948 1927 fuerit
2990 1883 3022 1924 e
3052 1862 3312 1942 vestigiis
3344 1863 3615 1950 colligere
3644 1882 3767 1927 non
3798 1865 4050 1945 potui⁴).

929 1977 996 2039 {V
1030 1977 1086 2048 8,
1121 1976 1178 2038 6.
1254 1976 1616 2040 Vocabulum
1665 1976 1844 2050 ‘non’,
1892 1977 2051 2058 quod
2096 1975 2161 2038 in
2207 1976 2405 2038 codice
2436 1975 2485 2038 Ο
2532 1976 2917 2058 depravatum
2964 1975 3197 2039 videtur
3242 1994 3389 2049 esse,
3436 1995 3469 2038 e
3514 1976 3817 2040 codicibus
3863 1979 4053 2040 inter-

641 2089 850 2171 polatis
895 2089 1326 2171 recipiendum,
1373 2090 1547 2152 verba
1593 2097 1788 2168 ‘saepe
1833 2087 2180 2171 propinque'
2225 2089 2537 2153 retinenda
2584 2107 2717 2152 esse
2766 2108 2998 2152 censeo.
3059 2089 3206 2152 Nam
3242 2089 3485 2152 verbum
3518 2089 3860 2171 quiescendi
3894 2093 4051 2171 quod

641 2203 949 2265 Messalam
1005 2203 1198 2284 ipsum
1255 2203 1584 2282 inquietum
1642 2220 1774 2264 esse
1826 2201 2049 2266 indicat
2104 2212 2238 2282 eget
2301 2201 2719 2284 explicatione,
2788 2221 2937 2282 quae
2990 2221 3129 2264 voce
3176 2202 3385 2282 ‘saepe'
3442 2201 3777 2284 praebetur.
3868 2205 4053 2286 Saepe

640 2317 822 2396 igitur
865 2317 980 2380 iam
1027 2317 1090 2378 in
1137 2336 1208 2377 eo
1252 2317 1462 2386 fuerat,
1511 2323 1576 2377 ut
1620 2314 1864 2378 Messala
1909 2315 1979 2378 ad
2026 2314 2220 2377 villam
2268 2314 2774 2394 proficisceretur,
2838 2314 2946 2376 sed
3001 2315 3091 2376 vel
3146 2315 3337 2396 puella
3392 2325 3631 2398 petente
3686 2317 3772 2380 vel
3827 2318 3935 2380 alia
3980 2319 4053 2380 de

643 2448 849 2504 causa,
907 2448 1042 2491 cum
1089 2428 1441 2510 profectioni
1488 2429 1578 2490 vel
1622 2428 1820 2510 potius
1865 2428 1977 2509 ipsi
2021 2429 2144 2490 viae
2191 2427 2610 2508 ingrediendae
2672 2428 3047 2509 propinquus
3102 2428 3325 2499 ruerat,
3376 2428 3593 2492 itinere
3638 2431 3943 2511 proposito
3987 2451 4055 2494 ac

643 2560 828 2623 paene
889 2549 1167 2623 suscepto
1223 2541 1557 2616 destiterat,
1621 2549 1687 2603 ut
1728 2541 1982 2622 Sulpicia
2031 2561 2096 2603 se
2141 2540 2236 2604 die
2279 2541 2462 2604 natali
2505 2559 2617 2602 suo
2664 2560 2800 2604 cum
2846 2540 3124 2603 Cerintho
3170 2543 3231 2604 in
3281 2542 3429 2604 urbe
3470 2541 3733 2606 futuram
3780 2562 3911 2606 esse
3954 2553 4053 2607 in-

643 2656 866 2737 ciperet
922 2673 1187 2736 sperare3
1251 2654 1355 2717 sed
1415 2655 1588 2736 paulo
1645 2664 1780 2736 post
1830 2672 2040 2717 rursus
2093 2652 2397 2734 inquietus
2441 2653 2537 2715 ille
2580 2654 2696 2716 iter
2739 2655 2989 2716 suadere
3035 2653 3281 2716 solebat.
3371 2655 3494 2717 Iam
3540 2674 3678 2718 cum
3722 2656 3887 2718 adest
3932 2657 4055 2720 dies

643 2768 850 2831 natalis
917 2768 1114 2830 denuo
1180 2787 1316 2829 eum
1383 2768 1614 2850 puellae
1667 2766 1972 2832 voluntate
2038 2767 2300 2848 neglecta
2373 2766 2805 2848 profectionem
2863 2784 3069 2848 parare
3112 2767 3523 2832 animadvertit
3566 2777 3629 2830 et
3671 2786 3735 2830 se
3782 2769 4053 2850 precibus

641 2882 1056 2963 redintegratis
1121 2882 1439 2963 quicquam
1509 2883 1903 2963 profecturam
1974 2900 2106 2943 esse
2170 2882 2493 2961 desperans
2562 2889 2620 2943 et
2684 2880 2997 2961 superbior
3062 2899 3241 2962 quam
3313 2892 3380 2944 ut
3444 2882 3625 2945 dubio
3694 2889 3906 2945 eventu
3970 2882 4053 2945 illi

641 2996 975 3078 supplicare
1021 2994 1156 3058 velit
1209 2997 1478 3058 futurum
1535 3014 1667 3057 esse
1723 2993 2035 3073 intellegit,
2096 3003 2164 3056 ut
2207 2994 2304 3055 ille
2348 2994 2476 3055 dies
2520 3011 2656 3056 rure
2711 2994 2962 3055 molesto
3008 2994 3273 3073 agendus
3316 2996 3411 3057 sit.
3498 2994 3812 3058 Molestum
3858 3005 4054 3059 autem

639 3130 746 3173 rus
791 3110 953 3183 dixit,
1002 3110 1161 3189 quod
1209 3127 1404 3189 neque
1449 3108 1770 3189 quidquam
1821 3107 1972 3169 urbe
2019 3108 2248 3171 dulcius
2294 3084 2767 3186 neque-puellae
2811 3106 3003 3169 villam
3050 3116 3245 3187 aptam
3280 3126 3409 3171 esse
3454 3117 3644 3189 putat.
3703 3108 3825 3171 lam
3859 3110 4054 3189 igitur,

642 3222 852 3304 inquit,
897 3231 965 3305 tu
1010 3222 1109 3301 qui
1153 3221 1404 3284 nimium
1453 3220 1772 3284 valetudini
1818 3239 1983 3283 meae
2013 3218 2274 3283 consulis
2305 3220 2513 3281 desine
2544 3220 2843 3299 inquietus
2874 3228 3053 3300 atque
3083 3220 3433 3282 inconstans
3464 3240 3615 3293 esse,
3662 3222 4055 3303 proficiscere,

643 3336 835 3398 abduc
900 3354 1019 3397 me:
1095 3334 1360 3397 animum
1429 3343 1656 3405 tamen,
1723 3334 1992 3415 quamvis
2061 3351 2196 3394 meo
2263 3331 2507 3393 arbitrio
2560 3350 2692 3394 esse
2758 3341 2823 3393 tu
2890 3350 2986 3393 me
3054 3332 3365 3411 prohibere
3424 3333 3685 3407 coneris,
3751 3335 3847 3396 hic
3900 3336 4055 3417 apud

643 3447 988 3511 Cerinthum
1037 3447 1331 3529 relinquo.
1419 3446 1856 3528 ‘Propinquus',
1924 3446 2082 3527 quod
2150 3444 2505 3507 adiectivum
2576 3444 2645 3505 ad
2706 3444 2901 3506 locum
2965 3444 3249 3526 pertinet,
3319 3462 3455 3507 cum
3502 3464 3645 3509 voce
3691 3446 3854 3508 ‘viae'
3897 3458 4058 3510 recte

644 3561 1118 3641 coniungitur⁵);
1167 3559 1385 3621 etenim
1433 3560 1571 3622 dicit
1617 3559 1874 3640 Sulpicia
1918 3559 2147 3631 acerbe,
2195 3558 2256 3619 ni
2300 3557 2491 3632 fallor,
2536 3558 2823 3619 irridens:
2866 3558 2969 3639 qui
3012 3576 3186 3638 saepe
3232 3576 3417 3639 paene
3464 3559 3579 3621 iam
3628 3562 3687 3621 in
3734 3560 3821 3621 via
3868 3560 4055 3622 fuisti.

929 3674 1046 3736 Sed
1105 3672 1457 3737 lectionibus
1503 3674 1752 3753 potioris
1799 3672 2070 3735 codicum
2117 3670 2322 3734 classis
2381 3688 2533 3752 quae
2588 3669 2737 3733 libro
2786 3673 2830 3731 Α
2892 3671 3064 3751 longe
3122 3671 3521 3735 sincerissime
3582 3683 4061 3754 repraesentatur

927 3947 969 4011 ¹)
1022 3946 1075 3999 In
1112 3952 1468 4013 excerptorum
1504 3946 1680 3997 codice
1717 3960 1748 4013 p
1785 3942 2030 4010 scriptum
2065 3948 2146 3993 est
2179 3940 2369 4005 ‘uitet'‚
2404 3939 2459 3992 in
2496 3940 2673 3993 codice
2711 3958 2741 3991 ιι
2778 3948 3067 3993 correctum
3102 3939 3281 3993 ‘nitet'.

927 4037 972 4101 ²)
1026 4033 1156 4100 Quid
1210 4035 1263 4086 in
1319 4034 1494 4085 codice
1531 4050 1566 4101 y
1612 4032 1858 4098 scriptum
1893 4028 2076 4093 fuerit,
2131 4044 2310 4096 parum
2345 4034 2578 4087 constatz
2635 4027 2703 4081 cf.
2741 4044 2867 4095 quae
2904 4030 2965 4079 de
3000 4044 3062 4079 eo
3101 4027 3237 4079 infra
3270 4028 3519 4080 dicentur.
3562 4056 3627 4066 —-
3661 4028 3715 4079 In
3754 4026 4059 4081 Lachmanni

645 4123 820 4175 codice
855 4140 883 4175 e
919 4123 1166 4189 scriptum
1203 4128 1281 4171 est
1319 4116 1528 4183 ‘vigent’
1568 4120 1685 4183 [sic3
1724 4118 1911 4169 etenim
1948 4116 2196 4167 librarius
2233 4116 2346 4167 eins
2383 4115 2591 4167 litteras
2626 4131 2659 4166 n
2696 4122 2751 4167 et
2786 4132 2816 4163 v
2854 4116 2954 4167 iam
2990 4115 3328 4180 distinguitu,
3364 4116 3413 4165 in
3451 4115 3627 4165 codice
3662 4114 3692 4165 d
3728 4115 3967 4182 ‘iugent’3
4004 4119 4056 4168 in

645 4209 820 4261 codice
857 4226 884 4259 c
919 4209 1037 4274 qnid
1076 4206 1230 4259 fuerit
1265 4209 1457 4271 nescio,
1503 4221 1661 4274 neque
1698 4206 1833 4257 enim
1871 4206 1976 4255 vidi
2014 4203 2142 4254 illud
2183 4203 2447 4270 exemplar
2482 4204 2631 4254 cuins
2668 4203 2983 4265 marginibus
3020 4202 3393 4254 Bronkhusium
3428 4202 3623 4254 codicis
3659 4204 3944 4270 scripturas
3982 4204 4059 4255 in-

645 4298 831 4349 tulisse
870 4295 1218 4347 Lachmannns
1254 4292 1436 4362 (praef.
1465 4292 1626 4359 pg.V)
1661 4298 1900 4343 testatur.
1963 4289 2081 4356 [Qui
2119 4297 2321 4353 norunt,
2358 4304 2453 4356 qua
2492 4290 2539 4339 iu
2576 4288 2891 4341 bibliotheca
2924 4306 3087 4357 quove
3124 4290 3325 4341 nomine
3361 4290 3413 4341 id
3448 4292 3709 4357 exemplar
3743 4299 4059 4357 asservetur,

647 4384 710 4435 ab
747 4383 812 4433 iis
849 4389 984 4449 peto,
1021 4389 1079 4431 ut
1117 4396 1192 4432 me
1229 4380 1504 4432 certiorem
1539 4378 1710 4430 facere
1745 4378 1916 4429 velint
1949 4376 2263 4443 gratiamque
2303 4374 2464 4427 offleii
2500 4390 2577 4427 me
2612 4376 2901 4427 habiturum
2928 4393 3041 4429 esse
3079 4378 3341 4443 spondeo.]
3398 4376 3501 4427 Hoc
3536 4385 3704 4429 antem
3738 4377 3854 4429 loeo
3890 4386 4058 4435 utrum

646 4470 858 4536 ‘vigent'
899 4469 1114 4535 margini
1151 4467 1460 4533 adscriptum
1497 4467 1566 4517 sit
1603 4480 1667 4517 ex
1704 4465 1878 4517 codice
1904 4464 2212 4515 Broukhusii
2249 4478 2396 4514 mann
2435 4478 2496 4513 an
2536 4463 2587 4512 in
2616 4470 2763 4514 textu
2789 4470 2982 4516 tautum
3008 4465 3149 4532 typis
3175 4466 3477 4531 impressum
3504 4465 3767 4527 habeatnr,
3804 4480 3863 4515 eo
3902 4466 4060 4528 magis

647 4558 840 4621 dubito,
890 4556 1019 4624 quod
1067 4555 1121 4605 in
1169 4554 1413 4605 editionis
1449 4552 1866 4603 Bronkhnsinnae
1904 4564 1981 4616 με.
2007 4550 2104 4599 421
2149 4549 2278 4599 nihil
2315 4550 2379 4599 de
2414 4550 2509 4599 hac
2547 4548 2673 4599 libri
2706 4549 2743 4599 B
2778 4578 2845 4587 —
2881 4550 2958 4600 sic
2994 4550 3068 4600 ibi
3107 4551 3397 4602 nominatur
3432 4578 3499 4588 —
3536 4551 3794 4617 scriptura
3835 4559 4061 4604 notatum

656 4652 752 4695 est.
825 4643 1040 4695 Omnino
1075 4648 1132 4691 nt
1169 4641 1229 4691 de
1268 4640 1444 4691 codice
1481 4656 1510 4689 c
1544 4646 1686 4690 recte
1723 4637 1944 4689 indicari
1983 4635 2163 4703 possit,
2199 4650 2323 4702 opus
2359 4643 2441 4686 est
2476 4636 2767 4701 explorare,
2806 4636 2926 4702 qnid
2960 4636 3079 4688 inde
3115 4637 3198 4688 illi
3236 4638 3454 4701 margini
3493 4637 3693 4689 illatum
3730 4639 3818 4702 sit,
3856 4637 4060 4689 omissis

658 4730 734 4781 eis
771 4730 1078 4781 lectionibus
1117 4743 1243 4795 quae
1279 4732 1476 4789 tantum
1515 4726 1675 4792 ipsius
1713 4724 1960 4776 editionis
1995 4723 2310 4775 anctoritate
2348 4720 2732 4775 confirmantur.

931 4815 976 4877 ⁸)
1031 4811 1107 4866 Cf.
1146 4814 1278 4881 prol.
1316 4828 1392 4880 με.
1427 4812 1504 4863 72.

936 4904 980 4966 ⁴)
1033 4902 1248 4953 Omnino
1303 4916 1481 4953 moneo
1531 4915 1593 4950 ne
1639 4899 1752 4965 quis
1789 4914 1857 4951 ex
1893 4896 2080 4949 Hilleri
2117 4895 2447 4951 adnotatione
2482 4896 2665 4948 critica
2704 4904 2757 4948 et
2794 4904 2939 4948 textu
2990 4895 3049 4946 de
3098 4895 3275 4948 codice
3311 4896 3355 4945 Α
3404 4896 3599 4947 indicet
3634 4895 3869 4959 neglecto
3905 4896 4063 4948 Baeh-

647 5008 786 5045 rmm
825 4998 1303 5143 apluis-nzlt'taeterea
1339 5077 1649 5142 interpretes
1688 5090 1785 5124 non
1823 5074 2081 5126 inutiliter
2118 5078 2400 5139 provocant
2434 5071 2496 5122 ad
2540 5070 2732 5121 Lucani
2770 5068 2949 5123 Phara.
2971 5070 3041 5123 vl
3062 5074 3081 5125 1
3125 5072 3412 5136 (postqum
3450 5077 3620 5121 “⁸³¹²
3658 5070 3830 5134 Μεθ’*
3867 5087 4062 5137 9⁰3⁰⁸⁰

655 5170 754 5219 iam
791 5174 958 5218 mente
994 5166 1274 5233 propinqui,
1311 5164 1596 5231 imposuere
1633 5163 1804 5225 iugis).
