4709 5675
2227 320 2661 386 *12-

1031 493 1084 561 11
1128 500 1194 572 2,
1241 499 1342 566 21.
1442 501 1588 562 Cum
1657 520 1766 580 ego
1829 497 2042 563 Tibulli
2111 501 2282 562 verba
2351 501 2725 562 emendando
2793 499 3025 562 restitui
3102 521 3277 581 posse
3356 501 3798 582 desperassem,
3866 505 3963 567 Cr.
4010 501 4152 566 dixit

747 613 868 692 (pg.
903 611 1080 689 360:
1144 611 1266 672 ‘Die
1311 611 1682 691 Moglicbkeit
1721 611 1906 673 bleibt
1949 613 2130 685 offen,
2175 613 2304 674 dass
2350 613 2483 675 eine
2530 613 2799 675 einfaebe
2844 611 3563 694 Buehstaben-Corruptel
3614 616 3895 694 vorliegt'.
3988 619 4151 691 Quae

749 722 1090 785 emendatio
1133 723 1492 804 simulatque
1536 733 1766 804 reperta
1813 734 1873 786 et
1917 727 2144 806 prolata
2191 725 2300 787 erit
2339 761 2413 768 -
2456 745 2632 806 spero
2676 735 2899 800 autem,
2944 744 3079 786 cum
3126 745 3191 788 ea
3238 726 3555 807 scripserit,
3602 727 3973 808 prolaturum
4022 749 4152 792 esse

749 836 936 898 virum
981 836 1146 898 illum
1193 836 1596 898 doctissimum
1647 871 1748 906 -—,
1807 857 1899 898 me
1944 856 2174 900 errasse
2227 838 2621 900 libentissime
2666 838 2912 900 fatebor.
3002 839 3241 900 Interim
3288 839 3373 900 eis
3419 858 3568 918 quae
3613 839 3685 900 Η.
3716 838 3959 918 Magnus
4006 841 4152 903 dixit

745 949 866 1029 (pg.
905 948 1093 1027 1549)
1111 949 1158 1026 ¹)
1206 965 1324 1008 non
1371 948 1450 1009 ita
1499 967 1896 1024 commoveor,
1945 961 2010 1011 ut
2053 951 2127 1011 de
2155 969 2325 1012 versu
2372 949 2542 1013 aliter
2587 961 2765 1032 atque
2809 951 2871 1012 in
2918 951 3353 1031 prolegomenis
3399 951 3673 1012 sentiam.
3742 950 3945 1032 Neque
3992 953 4149 1014 enim

745 1061 955 1141 genius
1003 1061 1214 1122 natalis
1259 1059 1408 1132 avis,
1470 1079 1608 1140 ergo
1655 1062 1916 1124 Cornuto
1961 1073 2022 1124 et
2065 1063 2234 1124 uxori
2277 1063 2407 1124 eius
2452 1083 2573 1144 quo
2616 1073 2883 1143 tempore
2928 1073 3174 1143 nepotes
3218 1062 3332 1125 iam
3380 1063 3707 1136 habebunt,
3766 1063 3905 1140 ita2)
3952 1074 4151 1146 potest

747 1175 968 1248 venire,
1012 1182 1077 1234 ut
1123 1181 1366 1252 nepotes
1413 1173 1754 1236 ministrare
1798 1175 1912 1237 dici
1957 1175 2160 1255 possit,
2221 1175 2337 1236 nisi
2383 1179 2535 1238 forte
2580 1175 2711 1256 quis
2754 1169 3098 1254 intellegere
3144 1177 3297 1236 vult:
3365 1177 3511 1238 alios
3556 1186 3801 1257 nepotes
3844 1177 4019 1238 addat
4062 1177 4147 1238 eis

744 1286 960 1366 quibus
1007 1285 1158 1346 natis
1204 1285 1292 1347 avi
1341 1286 1472 1346 facti
1519 1296 1676 1348 sunt.
1767 1287 1986 1348 Deinde
2030 1287 2212 1367 magis
2259 1287 2622 1369 magisque⁸)
2668 1307 2811 1350 voce
2854 1287 2986 1349 ‘hic’
3033 1287 3321 1360 offendor,
3381 1289 3602 1370 quippe
3648 1308 3761 1370 qua
3806 1290 4030 1363 natalis,
4074 1289 4148 1350 de

744 1417 862 1479 quo
908 1417 1030 1460 uno
1077 1399 1270 1478 agitur
1312 1397 1424 1460 hoc
1469 1399 1616 1469 loco,
1675 1399 1748 1461 ab
1793 1398 1922 1461 aliis
1965 1398 2336 1480 ineptissime
2381 1400 2662 1479 distingui
2707 1399 2989 1460 videatur.
3080 1399 3152 1460 Et
3210 1400 3319 1461 hac
3362 1399 3435 1461 de
3483 1417 3656 1460 cansa
3704 1411 3765 1462 et
3809 1401 3971 1482 quod
4014 1419 4145 1463 cum

745 1511 1020 1574 veniendi
1065 1510 1240 1572 verbo
1283 1510 1662 1590 coniungitur
1706 1511 1936 1573 dativus
1981 1511 2158 1587 ‘avis',
2219 1512 2579 1593 quicumque
2624 1511 2762 1590 legit
2806 1510 2919 1572 ‘bic
2964 1511 3178 1572 natalis
3222 1510 3343 1572 avis
3388 1509 3623 1582 veniat',
3668 1531 3791 1573 non
3840 1513 3913 1574 de
3956 1512 4151 1590 genio,

745 1633 813 1686 ut
854 1643 998 1686 suos
1041 1625 1300 1686 honores
1340 1625 1508 1698 visat,
1555 1623 1846 1696 veniente,
1892 1626 1996 1686 sed
2043 1625 2117 1686 de
2159 1625 2272 1687 die
2317 1625 2535 1704 cogitet
2578 1643 2816 1686 necesse
2861 1633 2979 1697 est3
3025 1635 3085 1686 at
3128 1625 3411 1686 continuo
3443 1624 3617 1686 verba
3650 1626 3882 1687 ‘natalis
3926 1627 4151 1708 prolem

745 1736 1061 1798 ministret’
1107 1737 1182 1797 de
1221 1736 1437 1815 genio
1482 1736 1740 1815 cogitare
1783 1748 2022 1817 cogunt.
2087 1737 2290 1818 Neque
2332 1737 2615 1817 profecto,
2662 1736 2779 1798 nisi
2824 1745 3060 1817 poetam
3107 1755 3349 1800 omnem
3394 1755 3571 1818 qnam
3617 1754 3855 1798 carmen
3902 1729 4041 1819 prae
4086 1759 4153 1801 se

743 1850 860 1912 fert
917 1849 1264 1928 elegantiam
1325 1849 1386 1910 in
1440 1850 1556 1911 boc
1597 1868 1770 1912 versu
1829 1848 2114 1912 abiecisse
2172 1849 2565 1924 credimus⁴)‚
2628 1850 2837 1911 eodem
2884 1857 3092 1912 tenore
3137 1868 3257 1931 quo
3304 1850 3485 1912 Amor
3529 1858 3767 1928 rogatur
3810 1857 3879 1910 ut
3922 1850 4151 1912 vincula

745 1973 946 2043 portet
989 1980 1141 2023 noro
1189 1961 1486 2042 coniugio,
1527 1980 1681 2024 novo
1730 1961 1940 2024 marito
1985 1980 2295 2042 novaeque
2334 1971 2558 2042 nuptae
2600 1973 2851 2041 nepotes
2895 1962 3097 2043 potius
3140 1961 3383 2043 optandi
3430 1971 3599 2024 erant
3640 1979 3817 2042 quam
3862 1961 4053 2023 liberi.

1027 2074 1076 2136 11
1122 2075 1188 2146 3,
1238 2074 1344 2137 34.
1430 2074 1510 2136 Ea
1575 2093 1728 2154 quae
1785 2075 1859 2135 de
1919 2074 2032 2136 boc
2080 2091 2254 2136 versu
2313 2073 2559 2155 exposui
2606 2076 2725 2156 (pg.
2758 2071 3036 2155 38-41)
3080 2075 3334 2137 strictim
3395 2075 3587 2155 attigit
3642 2073 3953 2136 Rotbstein
4012 2092 4148 2135 cum

743 2188 970 2250 diceret
991 2193 1110 2268 (pg.
1135 2186 1352 2261 1318):
1399 2186 1762 2266 ‘Abgeseben
1787 2205 1899 2248 von
1925 2187 2031 2248 der
2056 2186 2348 2248 vielleicbt
2368 2187 2533 2248 nicht
2563 2188 2780 2249 einmal
2810 2187 3227 2267 notwendigen
3254 2187 3566 2249 Annabme
3596 2187 3763 2250 einer
3785 2185 3976 2248 Lucke
3998 2185 4147 2248 nacb

647 2317 656 2326 ·
744 2300 876 2362 dem
911 2301 1072 2373 Vers,
1119 2301 1194 2361 ist
1237 2300 1378 2361 alles
1423 2299 1482 2360 iu
1533 2297 1844 2376 ordnung,
1890 2299 1992 2360 ‘du
2037 2299 2292 2378 scbldgst
2338 2299 2476 2362 dein
2521 2299 2709 2378 Lager
2749 2299 2811 2360 in
2858 2299 3113 2362 meinem
3163 2300 3325 2362 Hans
3369 2299 3513 2374 auf',
3561 2301 3669 2362 das
3712 2299 3811 2370 ist,
3858 2317 3970 2360 von
4016 2299 4147 2360 dem

743 2413 1030 2474 fruboeen
1073 2411 1402 2474 Liebbaber
1442 2412 1550 2473 der
1592 2411 1859 2472 Nemesis
1910 2429 1982 2473 zu
2027 2411 2162 2472 dem
2207 2411 2575 2492 glucklichen
2624 2411 3046 2474 Nebenbubler
3088 2421 3316 2491 gesagt‚
3376 2414 3483 2475 der
3524 2413 3633 2474 ibn
3676 2413 3989 2490 verdringt
4032 2412 4149 2480 bat,

743 2525 894 2586 doch
939 2525 1086 2586 wohl
1133 2525 1290 2586 ohne
1338 2524 1608 2586 weiteres
1656 2523 2088 2586 verstandlicb'.
2165 2523 2250 2586 Ne
2293 2533 2563 2606 repetam
2608 2543 2761 2604 quae
2806 2524 2889 2586 ibi
2932 2524 3255 2605 (imprimis
3298 2543 3394 2604 pg.
3419 2525 3529 2604 40)
3574 2527 3743 2588 attuli
3788 2535 4149 2605 argumenta,

745 2639 915 2700 verba
979 2637 1122 2700 ‘dass
1187 2638 1320 2698 dein
1369 2637 1550 2716 Lager
1611 2639 1670 2699 in
1737 2639 1993 2700 meinem
2047 2638 2240 2700 Hause
2297 2637 2402 2701 sei’
2460 2637 2509 2698 si
2554 2637 2677 2700 sola
2724 2647 3068 2717 spectantur
3112 2655 3305 2717 neque
3350 2637 3789 2698 cohaerentium
3834 2637 4149 2698 verborum

743 2751 1293 2832 sententiarumque
1335 2752 1487 2812 ratio
1535 2749 1802 2818 babetur,
1845 2751 2108 2830 intellegi
2155 2769 2328 2831 posse
2372 2751 2557 2812 cuivis
2602 2749 2926 2832 apparebit.
3002 2751 3075 2810 At
3118 2749 3495 2830 quicumque,
3542 2749 3681 2830 quid
3729 2749 4009 2810 traditum
4052 2749 4149 2818 sit,

743 2866 1018 2927 nesciens
1072 2866 1220 2926 baec
1269 2864 1448 2925 verba
1488 2862 1697 2925 Latino
1758 2882 2037 2925 sermone
2093 2865 2337 2927 reddere
2382 2864 2704 2936 iubebitur,
2762 2864 2835 2925 de
2887 2864 3078 2925 lecto
3124 2862 3215 2943 agi
3260 2862 3521 2945 putabit,
3582 2880 3705 2924 non
3751 2862 3823 2923 de
3866 2861 4148 2924 castris.

745 2978 948 3059 itaque
1003 2978 1130 3040 sive
1182 2978 1338 3039 inter
1391 2996 1599 3039 versus
1643 2977 1726 3039 34
1773 2987 1834 3039 et
1877 2977 1958 3039 35
2018 2976 2312 3039 distichon
2372 2976 2743 3039 intercidisse
2798 2976 3115 3057 suspicaris
3168 2975 3291 3037 sive
3334 2994 3401 3037 ea
3446 2974 3783 3037 coniectura
3832 2992 3983 3054 opus
4025 2992 4149 3035 non

744 3111 877 3151 esse
921 3109 1155 3152 mecum
1201 3090 1518 3165 existimas,
1568 3090 1738 3153 verba
1785 3096 1873 3151 ‘ut
1919 3100 2124 3152 nostra
2167 3090 2289 3151 sint
2335 3098 2433 3151 tua
2480 3098 2669 3151 eastra
2710 3088 2906 3151 domo’
2937 3108 2967 3149 a
2999 3087 3233 3149 Tibullo
3264 3088 3481 3169 scripta
3512 3106 3637 3149 non
3668 3106 3800 3149 esse
3832 3086 4148 3149 contendo.

1027 3202 1168 3273 113,
1201 3202 1303 3264 61.
1335 3202 1438 3264 62.
1501 3202 1810 3265 Nonnullis
1855 3203 1929 3263 de
1973 3203 2181 3276 causis,
2228 3220 2375 3283 quas
2409 3201 2535 3264 vide
2580 3203 2662 3265 sis
2705 3202 2769 3263 in
2813 3202 2963 3282 prol.
2995 3220 3092 3281 pg.
3118 3200 3221 3275 60,
3268 3201 3375 3263 bos
3406 3220 3611 3263 versus
3658 3200 3745 3261 sic
3788 3199 4151 3261 exhibendos

746 3334 878 3377 esse
924 3334 1166 3377 censeo:

1580 3436 1636 3489 at
1683 3428 1808 3500 tibi,
1857 3427 2002 3489 dura
2049 3426 2224 3489 Ceres
2240 3426 2308 3505 ⁸),
2353 3426 2655 3489 Nemesim
2700 3427 2833 3507 quia
2881 3425 3047 3489 ducit
3088 3425 3163 3487 ab
3207 3425 3353 3489 urbe

1577 3541 1878 3621 persolvat
1919 3538 2078 3601 nulla
2123 3539 2349 3601 semina
2395 3547 2551 3601 terra
2596 3537 2738 3601 fidel

745 3678 875 3741 Non
921 3678 1217 3761 persuasi,
1275 3678 1435 3759 quod
1479 3696 1838 3760 magnopere
1883 3678 2079 3750 doleo,
2143 3677 2381 3757 liugoni
2428 3676 2709 3757 Magnum
2777 3676 2879 3757 qui
2938 3676 3289 3757 scripturam
3360 3694 3525 3739 nunc
3583 3676 3908 3756 vulgatam,
3977 3694 4149 3755 quam

745 3810 936 3873 neque
1003 3791 1334 3853 offensione
1401 3809 1599 3853 carere
1665 3809 1861 3872 neque
1927 3808 2060 3853 cum
2119 3790 2388 3853 codicum
2444 3791 2731 3871 scriptura
2790 3808 3116 3869 congruere
3172 3808 3411 3862 moneo,
3480 3798 3778 3869 praestare
3834 3788 4152 3850 arbitratus

748 3904 934 3967 tribus
991 3905 1180 3967 utitur
1232 3905 1598 3983 argumentis
1645 3910 1766 3985 (pg.
1809 3901 2013 3983 1549).
2105 3902 2370 3965 Primum
2432 3911 2523 3964 est
2580 3902 2719 3963 boc:
2792 3902 2955 3964 ‘Hier
2998 3902 3174 3963 Ceres
3227 3902 3311 3963 als
3367 3902 3602 3963 leidend
3658 3901 3783 3963 und
3824 3900 4009 3961 durch
4058 3901 4152 3962 die

749 4016 1286 4097 Unbotmal'sigkeit
1330 4020 1440 4079 der
1481 4016 1629 4077 Erde
1672 4016 2016 4095 gescbaidigt
2058 4016 2480 4085 darzustellen,
2544 4014 2950 4096 widerspricbt
2995 4014 3217 4075 ebenso
3264 4014 3400 4076 dem
3448 4012 3999 4090 zusammenbange
4044 4014 4154 4075 wie

745 4130 838 4191 die
883 4130 988 4191 der
1031 4140 1188 4191 terra
1234 4130 1635 4209 zugewiesene
1679 4128 1874 4191 Roll'e:
1945 4128 2054 4190 wie
2099 4128 2322 4189 konnte
2367 4128 2524 4189 denn
2582 4128 2661 4189 im
2704 4126 3020 4205 folgenden
3066 4126 3328 4189 Bacchus
3376 4124 3670 4187 bandelnd
3718 4126 3839 4188 und
3886 4125 4149 4188 stresend

745 4238 1104 4304 austreten'?
1155 4246 1230 4303 At
1272 4242 1321 4303 si
1369 4242 1568 4303 Cereri
1610 4252 1766 4304 terra
1815 4260 1843 4302 a
1889 4240 2123 4303 Tibullo
2168 4241 2375 4302 devota
2422 4240 2649 4303 semina
2695 4240 3009 4301 commissa
3056 4258 3175 4301 non
3221 4238 3432 4311 reddit,
3480 4238 3639 4319 quod
3687 4238 3867 4299 invita
3913 4239 4149 4317 frugum

1031 4440 1074 4509 ι)
1124 4442 1243 4492 ‘Das
1289 4441 1526 4507 folgeude
1573 4442 1861 4509 prolemque
1907 4440 2168 4491 ministret
2211 4440 2359 4491 ludat
2402 4447 2455 4490 et
2490 4456 2565 4506 sq.
2600 4438 2730 4489 wit-d
2782 4440 2941 4490 durch
2985 4440 3079 4490 dae
3112 4438 3432 4504 explikntive
3466 4454 3563 4503 quc
3604 4438 3698 4489 mit
3730 4440 3843 4489 συιδ
3878 4434 4155 4503 νονὶιιῧρῆ

744 4530 841 4580 und
881 4530 1081 4582 erkliirt
1117 4546 1175 4580 so
1214 4530 1382 4580 dieses
1423 4528 1746 4591 vielsngende
1772 4526 1947 4578 Wort.
2002 4512 2138 4578 Uber
2173 4526 2253 4576 die
2279 4526 2573 4589 Bedeutung
2608 4542 2707 4576 von
2746 4526 2939 4591 prolem
2978 4526 3074 4575 und
3114 4525 3265 4575 turbu
3304 4526 3509 4575 novelle
3544 4526 3677 4575 kann
3715 4524 3827 4576 also
3866 4524 3997 4575 wobl
4034 4524 4150 4574 kein

748 4616 967 4669 Zweifel
1009 4615 1288 4668 boemo-³

1034 4702 1078 4766 ⁸)
1129 4702 1201 4768 H,
1239 4702 1292 4753 ni
1327 4700 1501 4767 fauor,
1535 4702 1682 4753 valet
1717 4700 1846 4752 illud
1885 4696 2012 4767 ‘qun’
2049 4699 2432 4766 expliaentivnm.

1029 4791 1075 4851 ⁸)
1130 4788 1208 4841 Cf.
1244 4804 1370 4856 quae
1406 4789 1519 4839 dixi
1554 4788 1682 4855 prol.
1724 4802 1802 4855 [ις.
1829 4786 1910 4837 37.

1029 4878 1076 4939 ⁴)
1131 4876 1208 4927 Ne
1244 4876 1504 4927 Messalae
1535 4875 1754 4940 quiden,
1801 4875 1948 4925 cuiue
1982 4872 2136 4924 liberi
2171 4880 2276 4923 tum
2313 4872 2463 4939 ,ueri
2498 4874 2601 4922 'ann
2634 4880 2799 4937 eru-t,
2834 4874 2887 4924 in
2924 4874 3149 4923 ami-e
3184 4870 3263 4922 17
3300 4880 3508 4940 nepotes
3545 4888 3573 4923 ι
3610 4871 3690 4921 dis
3726 4872 3950 4937 optavit.

1028 4964 1072 5022 ⁸)
1125 4962 1304 5014 Heiusi
1357 4962 1700 5013 coniecturam
1755 4962 1938 5011 merito
1991 4966 2292 5026 receperunt
2335 4974 2451 5009 eum
2494 4960 2590 5010 atii
2636 4967 2743 5009 tum
2790 4960 3164 5017 Breukbnsins,
3212 4959 3459 5026 Vulpina,
3514 4957 3717 5025 noyn,
3752 4957 3911 5023 Voss,
3968 4956 4151 5008 Dissen

741 5066 972 5127 (quorum
1021 5049 1084 5099 ef.
1133 5050 1572 5111 commentarios),
1619 5049 1819 5114 Gruppe
1867 5049 1970 5113 (pg.
1997 5049 2111 5109 99),
2165 5046 2221 5097 L.
2261 5046 2458 5097 Miiller.
2536 5046 2703 5097 Verbo
2735 5063 2885 5111 seges
2930 5053 2983 5096 et
3020 5046 3170 5096 Ceres
3213 5046 3263 5095 in
3301 5044 3559 5095 codicibus
3604 5046 3810 5109 saepius
3848 5051 4152 5095 commutate
4212 5068 4225 5079 ·

743 5154 856 5187 esse
896 5144 1114 5188 constat.
