<?xml version="1.0" encoding="UTF-8"?>
<!DOCTYPE html PUBLIC "-//W3C//DTD XHTML 1.0 Transitional//EN"
    "http://www.w3.org/TR/xhtml1/DTD/xhtml1-transitional.dtd">
<html xmlns="http://www.w3.org/1999/xhtml" xml:lang="en" lang="en">
 <head>
  <title>
</title>
<meta http-equiv="Content-Type" content="text/html;charset=utf-8" />
  <meta name='ocr-system' content='tesseract 3.04.00' />
  <meta name='ocr-capabilities' content='ocr_page ocr_carea ocr_par ocr_line ocrx_word'/>
</head>
<body>
  <div class='ocr_page' id='page_1' title='image "./quaestionestibu00bellgoog_0013.png"; bbox 0 0 4709 5675; ppageno 0'>
   <div class='ocr_carea' id='block_1_1' title="bbox 2239 279 2675 340">
    <p class='ocr_par' dir='ltr' id='par_1_1' title="bbox 2239 279 2675 340">
     <span class='ocr_line' id='line_1_1' title="bbox 2239 279 2675 340; baseline 0 -18"><span class='ocrx_word' id='word_1_1' title='bbox 2239 279 2675 340; x_wconf 66' lang='lat'>..10-</span> 
     </span>
    </p>
   </div>
   <div class='ocr_carea' id='block_1_2' title="bbox 759 454 4211 2886">
    <p class='ocr_par' dir='ltr' id='par_1_2' title="bbox 759 454 4211 2114">
     <span class='ocr_line' id='line_1_2' title="bbox 761 454 4167 548; baseline 0.004 -31"><span class='ocrx_word' id='word_1_2' title='bbox 761 456 939 535; x_wconf 84' lang='lat' dir='ltr'>‘quod</span> <span class='ocrx_word' id='word_1_3' title='bbox 987 455 1158 516; x_wconf 90' lang='lat' dir='ltr'>adest</span> <span class='ocrx_word' id='word_1_4' title='bbox 1205 454 1338 516; x_wconf 88' lang='lat' dir='ltr'>huic</span> <span class='ocrx_word' id='word_1_5' title='bbox 1383 454 1542 515; x_wconf 86' lang='lat' dir='ltr'>dives</span> <span class='ocrx_word' id='word_1_6' title='bbox 1588 455 1830 515; x_wconf 88' lang='lat' dir='ltr'>amator&#39;</span> <span class='ocrx_word' id='word_1_7' title='bbox 1875 461 2122 536; x_wconf 89' lang='lat' dir='ltr'>propter</span> <span class='ocrx_word' id='word_1_8' title='bbox 2165 454 2538 534; x_wconf 85' lang='lat' dir='ltr'>pronominis</span> <span class='ocrx_word' id='word_1_9' title='bbox 2583 454 2716 516; x_wconf 83' lang='lat' dir='ltr'>‘hic’</span> <span class='ocrx_word' id='word_1_10' title='bbox 2762 473 2937 518; x_wconf 88' lang='lat' dir='ltr'>usum</span> <span class='ocrx_word' id='word_1_11' title='bbox 2987 475 3131 520; x_wconf 85' lang='lat' dir='ltr'>sane</span> <span class='ocrx_word' id='word_1_12' title='bbox 3174 458 3483 522; x_wconf 87' lang='lat' dir='ltr'>insolitum</span> <span class='ocrx_word' id='word_1_13' title='bbox 3500 461 3550 540; x_wconf 87' lang='lat'>¹)</span> <span class='ocrx_word' id='word_1_14' title='bbox 3594 483 3625 523; x_wconf 86' lang='lat' dir='ltr'>a</span> <span class='ocrx_word' id='word_1_15' title='bbox 3674 463 3907 527; x_wconf 90' lang='lat' dir='ltr'>Tibullo</span> <span class='ocrx_word' id='word_1_16' title='bbox 3950 467 4167 548; x_wconf 88' lang='lat' dir='ltr'>scripta</span> 
     </span>
     <span class='ocr_line' id='line_1_3' title="bbox 761 566 4167 655; baseline 0.003 -26"><span class='ocrx_word' id='word_1_17' title='bbox 761 587 890 629; x_wconf 89' lang='lat' dir='ltr'>esse</span> <span class='ocrx_word' id='word_1_18' title='bbox 935 584 1059 628; x_wconf 89' lang='lat' dir='ltr'>non</span> <span class='ocrx_word' id='word_1_19' title='bbox 1109 567 1284 628; x_wconf 89' lang='lat' dir='ltr'>credo</span> <span class='ocrx_word' id='word_1_20' title='bbox 1301 566 1370 645; x_wconf 82' lang='lat'>¹).</span> <span class='ocrx_word' id='word_1_21' title='bbox 1441 566 1646 648; x_wconf 80' lang='lat' dir='ltr'><strong>Neque</strong></span> <span class='ocrx_word' id='word_1_22' title='bbox 1687 584 1804 646; x_wconf 90' lang='lat' dir='ltr'>qua</span> <span class='ocrx_word' id='word_1_23' title='bbox 1851 566 2081 628; x_wconf 88' lang='lat' dir='ltr'>ratione</span> <span class='ocrx_word' id='word_1_24' title='bbox 2125 567 2218 630; x_wconf 84' lang='lat' dir='ltr'>illa</span> <span class='ocrx_word' id='word_1_25' title='bbox 2263 567 2619 628; x_wconf 82' lang='lat' dir='ltr'>intercidere</span> <span class='ocrx_word' id='word_1_26' title='bbox 2660 567 3015 648; x_wconf 85' lang='lat' dir='ltr'>potuissent,</span> <span class='ocrx_word' id='word_1_27' title='bbox 3060 569 3349 649; x_wconf 89' lang='lat' dir='ltr'>explicare</span> <span class='ocrx_word' id='word_1_28' title='bbox 3394 570 3705 634; x_wconf 85' lang='lat' dir='ltr'>Rothstein</span> <span class='ocrx_word' id='word_1_29' title='bbox 3752 588 4001 642; x_wconf 88' lang='lat' dir='ltr'>conatus</span> <span class='ocrx_word' id='word_1_30' title='bbox 4046 589 4167 655; x_wconf 81' lang='lat' dir='ltr'>est3</span> 
     </span>
     <span class='ocr_line' id='line_1_4' title="bbox 760 678 4211 773; baseline 0.003 -31"><span class='ocrx_word' id='word_1_31' title='bbox 760 681 917 761; x_wconf 92' lang='lat' dir='ltr'>quod</span> <span class='ocrx_word' id='word_1_32' title='bbox 985 680 1177 741; x_wconf 78' lang='lat' dir='ltr'>facere</span> <span class='ocrx_word' id='word_1_33' title='bbox 1244 678 1526 750; x_wconf 87' lang='lat' dir='ltr'>debebat,</span> <span class='ocrx_word' id='word_1_34' title='bbox 1593 680 1728 760; x_wconf 90' lang='lat' dir='ltr'>quia</span> <span class='ocrx_word' id='word_1_35' title='bbox 1795 699 1826 742; x_wconf 92' lang='lat' dir='ltr'>a</span> <span class='ocrx_word' id='word_1_36' title='bbox 1889 679 2082 741; x_wconf 87' lang='lat' dir='ltr'>verbis</span> <span class='ocrx_word' id='word_1_37' title='bbox 2143 680 2332 760; x_wconf 88' lang='lat' dir='ltr'>qualia</span> <span class='ocrx_word' id='word_1_38' title='bbox 2390 689 2533 741; x_wconf 91' lang='lat' dir='ltr'>sunt</span> <span class='ocrx_word' id='word_1_39' title='bbox 2583 679 2695 742; x_wconf 88' lang='lat' dir='ltr'>‘his</span> <span class='ocrx_word' id='word_1_40' title='bbox 2738 679 2895 742; x_wconf 85' lang='lat' dir='ltr'>solis&#39;</span> <span class='ocrx_word' id='word_1_41' title='bbox 2941 681 3247 744; x_wconf 87' lang='lat' dir='ltr'>aberrasse</span> <span class='ocrx_word' id='word_1_42' title='bbox 3292 681 3597 745; x_wconf 89' lang='lat' dir='ltr'>librarium</span> <span class='ocrx_word' id='word_1_43' title='bbox 3644 685 3716 746; x_wconf 88' lang='lat' dir='ltr'>ad</span> <span class='ocrx_word' id='word_1_44' title='bbox 3766 689 3940 751; x_wconf 86' lang='lat' dir='ltr'>verba</span> <span class='ocrx_word' id='word_1_45' title='bbox 3988 693 4166 773; x_wconf 90' lang='lat' dir='ltr'>‘quod</span> <span class='ocrx_word' id='word_1_46' title='bbox 4208 694 4211 698; x_wconf 83' lang='grc'><strong>’</strong></span> 
     </span>
     <span class='ocr_line' id='line_1_5' title="bbox 761 791 4169 882; baseline 0.004 -28"><span class='ocrx_word' id='word_1_47' title='bbox 761 791 946 855; x_wconf 81' lang='lat' dir='ltr'>adest’</span> <span class='ocrx_word' id='word_1_48' title='bbox 993 791 1237 855; x_wconf 89' lang='lat' dir='ltr'>minime</span> <span class='ocrx_word' id='word_1_49' title='bbox 1283 799 1374 854; x_wconf 90' lang='lat' dir='ltr'>est</span> <span class='ocrx_word' id='word_1_50' title='bbox 1417 793 1537 853; x_wconf 84' lang='lat' dir='ltr'>veri</span> <span class='ocrx_word' id='word_1_51' title='bbox 1584 791 1795 853; x_wconf 89' lang='lat' dir='ltr'>simile.</span> <span class='ocrx_word' id='word_1_52' title='bbox 1880 791 1963 852; x_wconf 88' lang='lat' dir='ltr'>Eo</span> <span class='ocrx_word' id='word_1_53' title='bbox 2013 791 2195 871; x_wconf 82' lang='lat' dir='ltr'>magis</span> <span class='ocrx_word' id='word_1_54' title='bbox 2244 799 2442 853; x_wconf 85' lang='lat' dir='ltr'>autem</span> <span class='ocrx_word' id='word_1_55' title='bbox 2490 793 2677 853; x_wconf 84' lang='lat' dir='ltr'>miror</span> <span class='ocrx_word' id='word_1_56' title='bbox 2720 793 2878 872; x_wconf 89' lang='lat' dir='ltr'>quod</span> <span class='ocrx_word' id='word_1_57' title='bbox 2923 813 3015 874; x_wconf 82' lang='lat' dir='ltr'>pg.</span> <span class='ocrx_word' id='word_1_58' title='bbox 3048 793 3211 856; x_wconf 88' lang='grc'>1318</span> <span class='ocrx_word' id='word_1_59' title='bbox 3256 794 3424 856; x_wconf 87' lang='lat' dir='ltr'>dicit:</span> <span class='ocrx_word' id='word_1_60' title='bbox 3471 796 3611 858; x_wconf 78' lang='lat' dir='ltr'>‘Fur</span> <span class='ocrx_word' id='word_1_61' title='bbox 3655 796 3751 859; x_wconf 89' lang='lat' dir='ltr'>die</span> <span class='ocrx_word' id='word_1_62' title='bbox 3796 801 4169 882; x_wconf 80' lang='lat' dir='ltr'>vorliegende</span> 
     </span>
     <span class='ocr_line' id='line_1_6' title="bbox 759 904 4168 987; baseline 0.004 -21"><span class='ocrx_word' id='word_1_63' title='bbox 759 905 939 984; x_wconf 83' lang='lat' dir='ltr'>Frage</span> <span class='ocrx_word' id='word_1_64' title='bbox 985 905 1064 968; x_wconf 89' lang='lat' dir='ltr'>ist</span> <span class='ocrx_word' id='word_1_65' title='bbox 1112 905 1450 968; x_wconf 85' lang='lat' dir='ltr'>wesentlich</span> <span class='ocrx_word' id='word_1_66' title='bbox 1496 905 1588 966; x_wconf 90' lang='lat' dir='ltr'>die</span> <span class='ocrx_word' id='word_1_67' title='bbox 1637 904 1905 982; x_wconf 84' lang='lat' dir='ltr'>negative</span> <span class='ocrx_word' id='word_1_68' title='bbox 1954 905 2316 967; x_wconf 85' lang='lat' dir='ltr'>Erkenntnis</span> <span class='ocrx_word' id='word_1_69' title='bbox 2372 925 2485 968; x_wconf 86' lang='lat' dir='ltr'>von</span> <span class='ocrx_word' id='word_1_70' title='bbox 2533 905 2926 985; x_wconf 80' lang='lat' dir='ltr'>Wichtigkeit‚</span> <span class='ocrx_word' id='word_1_71' title='bbox 2986 907 3117 969; x_wconf 85' lang='lat' dir='ltr'>dass</span> <span class='ocrx_word' id='word_1_72' title='bbox 3164 907 3269 968; x_wconf 88' lang='lat' dir='ltr'>das</span> <span class='ocrx_word' id='word_1_73' title='bbox 3318 907 3595 970; x_wconf 83' lang='lat' dir='ltr'>kritische</span> <span class='ocrx_word' id='word_1_74' title='bbox 3638 907 3998 987; x_wconf 84' lang='lat' dir='ltr'>Hilfsmittel‚</span> <span class='ocrx_word' id='word_1_75' title='bbox 4054 935 4168 978; x_wconf 86' lang='lat' dir='ltr'>von</span> 
     </span>
     <span class='ocr_line' id='line_1_7' title="bbox 761 1016 4168 1104; baseline 0.003 -24"><span class='ocrx_word' id='word_1_76' title='bbox 761 1020 895 1081; x_wconf 90' lang='lat' dir='ltr'>dem</span> <span class='ocrx_word' id='word_1_77' title='bbox 943 1019 1050 1080; x_wconf 90' lang='lat' dir='ltr'>der</span> <span class='ocrx_word' id='word_1_78' title='bbox 1094 1016 1250 1080; x_wconf 80' lang='lat' dir='ltr'>Verl&#39;.</span> <span class='ocrx_word' id='word_1_79' title='bbox 1296 1017 1444 1079; x_wconf 89' lang='lat' dir='ltr'>auch</span> <span class='ocrx_word' id='word_1_80' title='bbox 1492 1017 1619 1079; x_wconf 92' lang='lat' dir='ltr'>hier</span> <span class='ocrx_word' id='word_1_81' title='bbox 1664 1016 1972 1079; x_wconf 86' lang='lat' dir='ltr'>Gebrauch</span> <span class='ocrx_word' id='word_1_82' title='bbox 2023 1017 2236 1090; x_wconf 88' lang='lat' dir='ltr'>macbt,</span> <span class='ocrx_word' id='word_1_83' title='bbox 2281 1017 2401 1079; x_wconf 87' lang='lat' dir='ltr'>und</span> <span class='ocrx_word' id='word_1_84' title='bbox 2447 1017 2549 1079; x_wconf 90' lang='lat' dir='ltr'>das</span> <span class='ocrx_word' id='word_1_85' title='bbox 2594 1018 2723 1080; x_wconf 90' lang='lat' dir='ltr'>eine</span> <span class='ocrx_word' id='word_1_86' title='bbox 2770 1019 3039 1098; x_wconf 80' lang='lat' dir='ltr'>wicbtige</span> <span class='ocrx_word' id='word_1_87' title='bbox 3084 1019 3289 1082; x_wconf 76' lang='lat' dir='ltr'>Stfitze</span> <span class='ocrx_word' id='word_1_88' title='bbox 3330 1023 3428 1082; x_wconf 80' lang='lat' dir='ltr'>fiir</span> <span class='ocrx_word' id='word_1_89' title='bbox 3472 1021 3638 1083; x_wconf 87' lang='lat' dir='ltr'>seine</span> <span class='ocrx_word' id='word_1_90' title='bbox 3682 1021 4018 1104; x_wconf 72' lang='lat' dir='ltr'>Hypothese</span> <span class='ocrx_word' id='word_1_91' title='bbox 4062 1028 4168 1089; x_wconf 92' lang='lat' dir='ltr'>ab-</span> 
     </span>
     <span class='ocr_line' id='line_1_8' title="bbox 761 1127 4168 1216; baseline 0.003 -24"><span class='ocrx_word' id='word_1_92' title='bbox 761 1130 951 1211; x_wconf 85' lang='lat' dir='ltr'>geben</span> <span class='ocrx_word' id='word_1_93' title='bbox 1011 1131 1148 1205; x_wconf 90' lang='lat' dir='ltr'>soll,</span> <span class='ocrx_word' id='word_1_94' title='bbox 1209 1128 1339 1191; x_wconf 87' lang='lat' dir='ltr'>bier</span> <span class='ocrx_word' id='word_1_95' title='bbox 1385 1130 1553 1190; x_wconf 88' lang='lat' dir='ltr'>nicht</span> <span class='ocrx_word' id='word_1_96' title='bbox 1611 1127 2010 1208; x_wconf 85' lang='lat' dir='ltr'>ausreicht’⁸).</span> <span class='ocrx_word' id='word_1_97' title='bbox 2101 1133 2187 1192; x_wconf 81' lang='lat' dir='ltr'>An</span> <span class='ocrx_word' id='word_1_98' title='bbox 2237 1131 2552 1211; x_wconf 87' lang='lat' dir='ltr'>quisquam</span> <span class='ocrx_word' id='word_1_99' title='bbox 2600 1131 2773 1194; x_wconf 91' lang='lat' dir='ltr'>talem</span> <span class='ocrx_word' id='word_1_100' title='bbox 2823 1133 3059 1212; x_wconf 91' lang='lat' dir='ltr'>qualem</span> <span class='ocrx_word' id='word_1_101' title='bbox 3105 1133 3201 1195; x_wconf 91' lang='lat' dir='ltr'>hic</span> <span class='ocrx_word' id='word_1_102' title='bbox 3244 1133 3461 1195; x_wconf 78' lang='lat' dir='ltr'>factam</span> <span class='ocrx_word' id='word_1_103' title='bbox 3508 1152 3641 1196; x_wconf 88' lang='lat' dir='ltr'>esse</span> <span class='ocrx_word' id='word_1_104' title='bbox 3683 1134 3779 1198; x_wconf 88' lang='lat' dir='ltr'>ille</span> <span class='ocrx_word' id='word_1_105' title='bbox 3824 1146 3990 1216; x_wconf 89' lang='lat' dir='ltr'>putat</span> <span class='ocrx_word' id='word_1_106' title='bbox 4034 1157 4168 1201; x_wconf 90' lang='lat' dir='ltr'>cor-</span> 
     </span>
     <span class='ocr_line' id='line_1_9' title="bbox 759 1241 4163 1330; baseline 0.003 -25"><span class='ocrx_word' id='word_1_107' title='bbox 759 1245 1048 1325; x_wconf 85' lang='lat' dir='ltr'>ruptelam</span> <span class='ocrx_word' id='word_1_108' title='bbox 1099 1242 1316 1323; x_wconf 87' lang='lat' dir='ltr'>poterit</span> <span class='ocrx_word' id='word_1_109' title='bbox 1359 1241 1647 1323; x_wconf 89' lang='lat' dir='ltr'>explicare</span> <span class='ocrx_word' id='word_1_110' title='bbox 1691 1242 1799 1304; x_wconf 91' lang='lat' dir='ltr'>alia</span> <span class='ocrx_word' id='word_1_111' title='bbox 1847 1242 2075 1304; x_wconf 86' lang='lat' dir='ltr'>ratione</span> <span class='ocrx_word' id='word_1_112' title='bbox 2119 1254 2296 1324; x_wconf 87' lang='lat' dir='ltr'>atque</span> <span class='ocrx_word' id='word_1_113' title='bbox 2341 1241 2519 1305; x_wconf 76' lang='lat' dir='ltr'>mea?</span> <span class='ocrx_word' id='word_1_114' title='bbox 2590 1244 2710 1322; x_wconf 85' lang='lat' dir='ltr'>Ego</span> <span class='ocrx_word' id='word_1_115' title='bbox 2756 1245 2909 1306; x_wconf 90' lang='lat' dir='ltr'>enim</span> <span class='ocrx_word' id='word_1_116' title='bbox 2968 1246 3021 1307; x_wconf 86' lang='lat' dir='ltr'>si</span> <span class='ocrx_word' id='word_1_117' title='bbox 3065 1245 3161 1307; x_wconf 91' lang='lat' dir='ltr'>illa</span> <span class='ocrx_word' id='word_1_118' title='bbox 3206 1245 3579 1321; x_wconf 76' lang='lat' dir='ltr'>intercidisse</span> <span class='ocrx_word' id='word_1_119' title='bbox 3624 1248 3885 1322; x_wconf 88' lang='lat' dir='ltr'>credam,</span> <span class='ocrx_word' id='word_1_120' title='bbox 3946 1253 4163 1330; x_wconf 87' lang='lat' dir='ltr'>possim</span> 
     </span>
     <span class='ocr_line' id='line_1_10' title="bbox 759 1354 4167 1446; baseline 0.002 -28"><span class='ocrx_word' id='word_1_121' title='bbox 759 1356 1044 1437; x_wconf 88' lang='lat' dir='ltr'>suspicari</span> <span class='ocrx_word' id='word_1_122' title='bbox 1086 1355 1394 1416; x_wconf 90' lang='lat' dir='ltr'>librarium</span> <span class='ocrx_word' id='word_1_123' title='bbox 1443 1354 1659 1416; x_wconf 86' lang='lat' dir='ltr'>codicis</span> <span class='ocrx_word' id='word_1_124' title='bbox 1706 1363 1758 1428; x_wconf 83' lang='lat' dir='ltr'>t,</span> <span class='ocrx_word' id='word_1_125' title='bbox 1828 1362 1896 1417; x_wconf 86' lang='lat' dir='ltr'>ut</span> <span class='ocrx_word' id='word_1_126' title='bbox 1950 1373 2192 1418; x_wconf 87' lang='lat' dir='ltr'>carmen</span> <span class='ocrx_word' id='word_1_127' title='bbox 2236 1355 2338 1417; x_wconf 87' lang='lat'>15</span> <span class='ocrx_word' id='word_1_128' title='bbox 2396 1375 2513 1418; x_wconf 91' lang='lat' dir='ltr'>una</span> <span class='ocrx_word' id='word_1_129' title='bbox 2572 1375 2708 1418; x_wconf 90' lang='lat' dir='ltr'>cum</span> <span class='ocrx_word' id='word_1_130' title='bbox 2763 1359 2969 1437; x_wconf 84' lang='lat' dir='ltr'>pagina</span> <span class='ocrx_word' id='word_1_131' title='bbox 3022 1357 3141 1419; x_wconf 71' lang='lat'>16³</span> <span class='ocrx_word' id='word_1_132' title='bbox 3196 1357 3418 1433; x_wconf 85' lang='lat' dir='ltr'>finiret,</span> <span class='ocrx_word' id='word_1_133' title='bbox 3488 1359 3600 1420; x_wconf 90' lang='lat' dir='ltr'>iam</span> <span class='ocrx_word' id='word_1_134' title='bbox 3658 1360 3719 1421; x_wconf 90' lang='lat' dir='ltr'>in</span> <span class='ocrx_word' id='word_1_135' title='bbox 3780 1361 3994 1441; x_wconf 79' lang='lat' dir='ltr'>pagina</span> <span class='ocrx_word' id='word_1_136' title='bbox 4042 1365 4167 1446; x_wconf 84' lang='lat' dir='ltr'>14p</span> 
     </span>
     <span class='ocr_line' id='line_1_11' title="bbox 759 1465 4167 1554; baseline 0.002 -23"><span class='ocrx_word' id='word_1_137' title='bbox 759 1469 1062 1549; x_wconf 81' lang='lat' dir='ltr'>scripsisse</span> <span class='ocrx_word' id='word_1_138' title='bbox 1114 1469 1189 1529; x_wconf 84' lang='lat'>15</span> <span class='ocrx_word' id='word_1_139' title='bbox 1230 1486 1435 1530; x_wconf 83' lang='lat' dir='ltr'>versus</span> <span class='ocrx_word' id='word_1_140' title='bbox 1484 1465 1813 1547; x_wconf 72' lang='lat'><strong>(19-33),</strong></span> <span class='ocrx_word' id='word_1_141' title='bbox 1873 1467 2119 1530; x_wconf 85' lang='lat' dir='ltr'>totidem</span> <span class='ocrx_word' id='word_1_142' title='bbox 2172 1467 2234 1529; x_wconf 88' lang='lat' dir='ltr'>in</span> <span class='ocrx_word' id='word_1_143' title='bbox 2281 1489 2377 1550; x_wconf 86' lang='lat' dir='ltr'>pg.</span> <span class='ocrx_word' id='word_1_144' title='bbox 2415 1470 2537 1531; x_wconf 85' lang='lat' dir='ltr'>15a</span> <span class='ocrx_word' id='word_1_145' title='bbox 2584 1468 2879 1544; x_wconf 83' lang='lat'>(34-46,</span> <span class='ocrx_word' id='word_1_146' title='bbox 2926 1471 3005 1530; x_wconf 86' lang='lat'>47</span> <span class='ocrx_word' id='word_1_147' title='bbox 3052 1470 3359 1533; x_wconf 89' lang='lat' dir='ltr'>dimidium</span> <span class='ocrx_word' id='word_1_148' title='bbox 3407 1491 3544 1533; x_wconf 90' lang='lat' dir='ltr'>cum</span> <span class='ocrx_word' id='word_1_149' title='bbox 3591 1472 3689 1534; x_wconf 92' lang='lat' dir='ltr'>illo</span> <span class='ocrx_word' id='word_1_150' title='bbox 3736 1475 4167 1554; x_wconf 88' lang='lat' dir='ltr'>supplemento,</span> 
     </span>
     <span class='ocr_line' id='line_1_12' title="bbox 762 1580 4172 1664; baseline 0.002 -24"><span class='ocrx_word' id='word_1_151' title='bbox 762 1601 994 1644; x_wconf 86' lang='lat' dir='ltr'>versum</span> <span class='ocrx_word' id='word_1_152' title='bbox 1061 1581 1225 1643; x_wconf 90' lang='lat' dir='ltr'>illum</span> <span class='ocrx_word' id='word_1_153' title='bbox 1294 1582 1640 1656; x_wconf 88' lang='lat' dir='ltr'>minorem),</span> <span class='ocrx_word' id='word_1_154' title='bbox 1715 1582 1778 1643; x_wconf 91' lang='lat' dir='ltr'>in</span> <span class='ocrx_word' id='word_1_155' title='bbox 1854 1600 1948 1662; x_wconf 82' lang='lat' dir='ltr'>pg.</span> <span class='ocrx_word' id='word_1_156' title='bbox 2003 1581 2130 1662; x_wconf 86' lang='lat' dir='ltr'>15p</span> <span class='ocrx_word' id='word_1_157' title='bbox 2203 1580 2343 1642; x_wconf 90' lang='lat' dir='ltr'>illud</span> <span class='ocrx_word' id='word_1_158' title='bbox 2416 1580 2897 1662; x_wconf 85' lang='lat' dir='ltr'>supplementum</span> <span class='ocrx_word' id='word_1_159' title='bbox 2963 1601 3100 1643; x_wconf 90' lang='lat' dir='ltr'>cum</span> <span class='ocrx_word' id='word_1_160' title='bbox 3168 1582 3393 1663; x_wconf 86' lang='lat' dir='ltr'>reliqua</span> <span class='ocrx_word' id='word_1_161' title='bbox 3464 1595 3633 1664; x_wconf 85' lang='lat' dir='ltr'>parte</span> <span class='ocrx_word' id='word_1_162' title='bbox 3701 1603 3907 1647; x_wconf 80' lang='lat' dir='ltr'>versus</span> <span class='ocrx_word' id='word_1_163' title='bbox 3963 1586 4043 1647; x_wconf 85' lang='lat'>47</span> <span class='ocrx_word' id='word_1_164' title='bbox 4112 1597 4172 1648; x_wconf 87' lang='lat' dir='ltr'>et</span> 
     </span>
     <span class='ocr_line' id='line_1_13' title="bbox 764 1694 4173 1777; baseline 0.002 -22"><span class='ocrx_word' id='word_1_165' title='bbox 764 1713 966 1756; x_wconf 87' lang='lat' dir='ltr'>versus</span> <span class='ocrx_word' id='word_1_166' title='bbox 1012 1694 1290 1767; x_wconf 83' lang='lat'>48—61‚</span> <span class='ocrx_word' id='word_1_167' title='bbox 1355 1704 1420 1756; x_wconf 91' lang='lat' dir='ltr'>ut</span> <span class='ocrx_word' id='word_1_168' title='bbox 1472 1703 1600 1757; x_wconf 88' lang='lat' dir='ltr'>tum</span> <span class='ocrx_word' id='word_1_169' title='bbox 1647 1713 1886 1776; x_wconf 90' lang='lat' dir='ltr'>quoque</span> <span class='ocrx_word' id='word_1_170' title='bbox 1932 1713 1997 1756; x_wconf 88' lang='lat' dir='ltr'>ea</span> <span class='ocrx_word' id='word_1_171' title='bbox 2045 1713 2200 1775; x_wconf 91' lang='lat' dir='ltr'>quae</span> <span class='ocrx_word' id='word_1_172' title='bbox 2245 1694 2431 1756; x_wconf 86' lang='lat' dir='ltr'>deleta</span> <span class='ocrx_word' id='word_1_173' title='bbox 2478 1703 2623 1757; x_wconf 90' lang='lat' dir='ltr'>sunt</span> <span class='ocrx_word' id='word_1_174' title='bbox 2677 1694 2741 1756; x_wconf 89' lang='lat' dir='ltr'>in</span> <span class='ocrx_word' id='word_1_175' title='bbox 2794 1694 3013 1757; x_wconf 89' lang='lat' dir='ltr'>codicis</span> <span class='ocrx_word' id='word_1_176' title='bbox 3057 1705 3083 1756; x_wconf 90' lang='lat' dir='ltr'>t</span> <span class='ocrx_word' id='word_1_177' title='bbox 3141 1696 3481 1777; x_wconf 83' lang='lat' dir='ltr'>paginarum</span> <span class='ocrx_word' id='word_1_178' title='bbox 3529 1697 3941 1760; x_wconf 85' lang='lat' dir='ltr'>commissuris</span> <span class='ocrx_word' id='word_1_179' title='bbox 3986 1698 4173 1762; x_wconf 82' lang='lat' dir='ltr'>fuisse</span> 
     </span>
     <span class='ocr_line' id='line_1_14' title="bbox 763 1806 4175 1890; baseline 0.001 -21"><span class='ocrx_word' id='word_1_180' title='bbox 763 1808 1093 1871; x_wconf 85' lang='lat' dir='ltr'>videantur.</span> <span class='ocrx_word' id='word_1_181' title='bbox 1185 1807 1353 1881; x_wconf 83' lang='lat' dir='ltr'>Quae</span> <span class='ocrx_word' id='word_1_182' title='bbox 1398 1809 1766 1888; x_wconf 75' lang='lat' dir='ltr'>corruptelae</span> <span class='ocrx_word' id='word_1_183' title='bbox 1812 1807 2118 1888; x_wconf 82' lang='lat' dir='ltr'>explicatio</span> <span class='ocrx_word' id='word_1_184' title='bbox 2161 1807 2209 1868; x_wconf 89' lang='lat' dir='ltr'>si</span> <span class='ocrx_word' id='word_1_185' title='bbox 2257 1806 2351 1868; x_wconf 91' lang='lat' dir='ltr'>cui</span> <span class='ocrx_word' id='word_1_186' title='bbox 2400 1824 2522 1868; x_wconf 92' lang='lat' dir='ltr'>non</span> <span class='ocrx_word' id='word_1_187' title='bbox 2567 1807 2709 1868; x_wconf 84' lang='lat' dir='ltr'>satis</span> <span class='ocrx_word' id='word_1_188' title='bbox 2756 1806 3007 1887; x_wconf 84' lang='lat' dir='ltr'>simplex</span> <span class='ocrx_word' id='word_1_189' title='bbox 3050 1826 3180 1870; x_wconf 89' lang='lat' dir='ltr'>esse</span> <span class='ocrx_word' id='word_1_190' title='bbox 3224 1807 3545 1882; x_wconf 84' lang='lat' dir='ltr'>videbitur,</span> <span class='ocrx_word' id='word_1_191' title='bbox 3613 1809 3683 1870; x_wconf 89' lang='lat' dir='ltr'>ab</span> <span class='ocrx_word' id='word_1_192' title='bbox 3742 1829 3813 1871; x_wconf 89' lang='lat' dir='ltr'>eo</span> <span class='ocrx_word' id='word_1_193' title='bbox 3874 1819 4045 1890; x_wconf 85' lang='lat' dir='ltr'>peto,</span> <span class='ocrx_word' id='word_1_194' title='bbox 4109 1821 4175 1874; x_wconf 84' lang='lat' dir='ltr'>ut</span> 
     </span>
     <span class='ocr_line' id='line_1_15' title="bbox 760 1919 4167 2003; baseline 0.001 -21"><span class='ocrx_word' id='word_1_195' title='bbox 760 1921 915 1983; x_wconf 90' lang='lat' dir='ltr'>illius</span> <span class='ocrx_word' id='word_1_196' title='bbox 961 1920 1364 1982; x_wconf 87' lang='lat' dir='ltr'>coniecturam</span> <span class='ocrx_word' id='word_1_197' title='bbox 1411 1920 1609 2000; x_wconf 89' lang='lat' dir='ltr'>potius</span> <span class='ocrx_word' id='word_1_198' title='bbox 1655 1920 1886 1983; x_wconf 85' lang='lat' dir='ltr'>incuset</span> <span class='ocrx_word' id='word_1_199' title='bbox 1931 1938 2108 2001; x_wconf 89' lang='lat' dir='ltr'>quam</span> <span class='ocrx_word' id='word_1_200' title='bbox 2158 1937 2359 1980; x_wconf 90' lang='lat' dir='ltr'>meum</span> <span class='ocrx_word' id='word_1_201' title='bbox 2409 1919 2735 2000; x_wconf 87' lang='lat' dir='ltr'>explicandi</span> <span class='ocrx_word' id='word_1_202' title='bbox 2780 1927 3077 1982; x_wconf 87' lang='lat' dir='ltr'>conatum.</span> <span class='ocrx_word' id='word_1_203' title='bbox 3170 1919 3371 2001; x_wconf 85' lang='lat' dir='ltr'>Neque</span> <span class='ocrx_word' id='word_1_204' title='bbox 3425 1921 3634 1983; x_wconf 88' lang='lat' dir='ltr'>dubito</span> <span class='ocrx_word' id='word_1_205' title='bbox 3695 1941 3889 1984; x_wconf 86' lang='lat' dir='ltr'>meam</span> <span class='ocrx_word' id='word_1_206' title='bbox 3937 1922 4167 2003; x_wconf 89' lang='lat' dir='ltr'>opinio·</span> 
     </span>
     <span class='ocr_line' id='line_1_16' title="bbox 763 2030 3913 2114; baseline 0 -20"><span class='ocrx_word' id='word_1_207' title='bbox 763 2051 920 2106; x_wconf 88' lang='lat' dir='ltr'>nem,</span> <span class='ocrx_word' id='word_1_208' title='bbox 969 2041 1171 2113; x_wconf 81' lang='lat' dir='ltr'>utpote</span> <span class='ocrx_word' id='word_1_209' title='bbox 1217 2050 1367 2113; x_wconf 86' lang='lat' dir='ltr'>quae</span> <span class='ocrx_word' id='word_1_210' title='bbox 1411 2032 1730 2096; x_wconf 80' lang='lat' dir='ltr'>faciliorem</span> <span class='ocrx_word' id='word_1_211' title='bbox 1777 2033 1988 2095; x_wconf 84' lang='lat' dir='ltr'>habeat</span> <span class='ocrx_word' id='word_1_212' title='bbox 2033 2031 2505 2113; x_wconf 82' lang='lat' dir='ltr'>explicationem,</span> <span class='ocrx_word' id='word_1_213' title='bbox 2551 2030 2849 2112; x_wconf 80' lang='lat' dir='ltr'>praeferre</span> <span class='ocrx_word' id='word_1_214' title='bbox 2894 2033 2947 2092; x_wconf 93' lang='lat' dir='ltr'>ei</span> <span class='ocrx_word' id='word_1_215' title='bbox 2994 2050 3173 2113; x_wconf 90' lang='lat' dir='ltr'>quam</span> <span class='ocrx_word' id='word_1_216' title='bbox 3219 2031 3535 2095; x_wconf 85' lang='lat' dir='ltr'>Rothstein</span> <span class='ocrx_word' id='word_1_217' title='bbox 3582 2034 3913 2114; x_wconf 63' lang='lat' dir='ltr'>proposuit.</span> 
     </span>
    </p>

    <p class='ocr_par' dir='ltr' id='par_1_3' title="bbox 761 2143 4171 2886">
     <span class='ocr_line' id='line_1_17' title="bbox 1047 2143 4167 2227; baseline 0.001 -21"><span class='ocrx_word' id='word_1_218' title='bbox 1047 2145 1164 2206; x_wconf 87' lang='lat' dir='ltr'>Sed</span> <span class='ocrx_word' id='word_1_219' title='bbox 1210 2145 1340 2207; x_wconf 90' lang='lat' dir='ltr'>iure</span> <span class='ocrx_word' id='word_1_220' title='bbox 1385 2164 1416 2206; x_wconf 91' lang='lat' dir='ltr'>a</span> <span class='ocrx_word' id='word_1_221' title='bbox 1465 2164 1561 2207; x_wconf 89' lang='lat' dir='ltr'>me</span> <span class='ocrx_word' id='word_1_222' title='bbox 1603 2145 1843 2223; x_wconf 83' lang='lat' dir='ltr'>flagites,</span> <span class='ocrx_word' id='word_1_223' title='bbox 1892 2153 1956 2208; x_wconf 90' lang='lat' dir='ltr'>ut</span> <span class='ocrx_word' id='word_1_224' title='bbox 2004 2144 2214 2219; x_wconf 89' lang='lat' dir='ltr'>dicam,</span> <span class='ocrx_word' id='word_1_225' title='bbox 2262 2145 2549 2227; x_wconf 89' lang='lat' dir='ltr'>quidnam</span> <span class='ocrx_word' id='word_1_226' title='bbox 2579 2143 2849 2206; x_wconf 88' lang='lat' dir='ltr'>Tibullus</span> <span class='ocrx_word' id='word_1_227' title='bbox 2880 2145 3197 2207; x_wconf 87' lang='lat' dir='ltr'>verborum</span> <span class='ocrx_word' id='word_1_228' title='bbox 3242 2163 3378 2208; x_wconf 89' lang='lat' dir='ltr'>meo</span> <span class='ocrx_word' id='word_1_229' title='bbox 3414 2145 3632 2208; x_wconf 91' lang='lat' dir='ltr'>iudicio</span> <span class='ocrx_word' id='word_1_230' title='bbox 3677 2147 4167 2227; x_wconf 84' lang='lat' dir='ltr'>interpolatorum</span> 
     </span>
     <span class='ocr_line' id='line_1_18' title="bbox 761 2257 4169 2340; baseline 0 -20"><span class='ocrx_word' id='word_1_231' title='bbox 761 2258 890 2320; x_wconf 89' lang='lat' dir='ltr'>loco</span> <span class='ocrx_word' id='word_1_232' title='bbox 958 2257 1272 2337; x_wconf 88' lang='lat' dir='ltr'>scripsisse</span> <span class='ocrx_word' id='word_1_233' title='bbox 1331 2257 1611 2320; x_wconf 87' lang='lat' dir='ltr'>videatur.</span> <span class='ocrx_word' id='word_1_234' title='bbox 1701 2258 1823 2338; x_wconf 86' lang='lat' dir='ltr'>Ego</span> <span class='ocrx_word' id='word_1_235' title='bbox 1881 2258 2062 2338; x_wconf 87' lang='lat' dir='ltr'>igitur</span> <span class='ocrx_word' id='word_1_236' title='bbox 2114 2277 2248 2321; x_wconf 89' lang='lat' dir='ltr'>cum</span> <span class='ocrx_word' id='word_1_237' title='bbox 2298 2258 2372 2319; x_wconf 90' lang='lat' dir='ltr'>de</span> <span class='ocrx_word' id='word_1_238' title='bbox 2415 2257 2637 2319; x_wconf 90' lang='lat' dir='ltr'>Graeca</span> <span class='ocrx_word' id='word_1_239' title='bbox 2684 2275 2860 2338; x_wconf 86' lang='lat' dir='ltr'>quam</span> <span class='ocrx_word' id='word_1_240' title='bbox 2907 2257 3244 2320; x_wconf 85' lang='lat' dir='ltr'>Fridericus</span> <span class='ocrx_word' id='word_1_241' title='bbox 3288 2258 3407 2320; x_wconf 88' lang='lat' dir='ltr'>Leo</span> <span class='ocrx_word' id='word_1_242' title='bbox 3451 2258 3514 2338; x_wconf 92' lang='lat' dir='ltr'>(l.</span> <span class='ocrx_word' id='word_1_243' title='bbox 3554 2259 3593 2320; x_wconf 92' lang='lat' dir='ltr'>l.</span> <span class='ocrx_word' id='word_1_244' title='bbox 3642 2277 3739 2340; x_wconf 84' lang='lat' dir='ltr'>pg.</span> <span class='ocrx_word' id='word_1_245' title='bbox 3772 2258 3880 2340; x_wconf 86' lang='lat'>40)</span> <span class='ocrx_word' id='word_1_246' title='bbox 3928 2260 4169 2340; x_wconf 87' lang='lat' dir='ltr'>protulit</span> 
     </span>
     <span class='ocr_line' id='line_1_19' title="bbox 761 2369 4171 2452; baseline 0.001 -21"><span class='ocrx_word' id='word_1_247' title='bbox 761 2371 994 2432; x_wconf 88' lang='lat' dir='ltr'>distichi</span> <span class='ocrx_word' id='word_1_248' title='bbox 1059 2371 1443 2434; x_wconf 85' lang='lat' dir='ltr'>translatione</span> <span class='ocrx_word' id='word_1_249' title='bbox 1497 2371 1881 2442; x_wconf 83' lang='lat' dir='ltr'>dissererem,</span> <span class='ocrx_word' id='word_1_250' title='bbox 1949 2371 2096 2434; x_wconf 89' lang='lat' dir='ltr'>haec</span> <span class='ocrx_word' id='word_1_251' title='bbox 2151 2371 2361 2452; x_wconf 87' lang='lat' dir='ltr'>scripsi</span> <span class='ocrx_word' id='word_1_252' title='bbox 2407 2371 2526 2451; x_wconf 83' lang='lat' dir='ltr'>(pg.</span> <span class='ocrx_word' id='word_1_253' title='bbox 2561 2372 2695 2448; x_wconf 84' lang='lat'>27):</span> <span class='ocrx_word' id='word_1_254' title='bbox 2762 2369 2893 2434; x_wconf 82' lang='lat' dir='ltr'>‘Sed</span> <span class='ocrx_word' id='word_1_255' title='bbox 2952 2370 3172 2433; x_wconf 75' lang='lat' dir='ltr'>konnte</span> <span class='ocrx_word' id='word_1_256' title='bbox 3236 2389 3371 2433; x_wconf 85' lang='lat' dir='ltr'>man</span> <span class='ocrx_word' id='word_1_257' title='bbox 3434 2372 3621 2434; x_wconf 84' lang='lat' dir='ltr'>durch</span> <span class='ocrx_word' id='word_1_258' title='bbox 3668 2371 3985 2452; x_wconf 88' lang='lat' dir='ltr'>Conjectur</span> <span class='ocrx_word' id='word_1_259' title='bbox 4028 2379 4171 2434; x_wconf 85' lang='lat' dir='ltr'>statt</span> 
     </span>
     <span class='ocr_line' id='line_1_20' title="bbox 761 2483 4164 2565; baseline 0 -19"><span class='ocrx_word' id='word_1_260' title='bbox 761 2485 908 2565; x_wconf 80' lang='lat' dir='ltr'>quod</span> <span class='ocrx_word' id='word_1_261' title='bbox 974 2485 1303 2559; x_wconf 83' lang='lat' dir='ltr'>einsetzen;</span> <span class='ocrx_word' id='word_1_262' title='bbox 1369 2483 1572 2557; x_wconf 88' lang='lat' dir='ltr'>allein‚</span> <span class='ocrx_word' id='word_1_263' title='bbox 1645 2502 1742 2545; x_wconf 90' lang='lat' dir='ltr'>um</span> <span class='ocrx_word' id='word_1_264' title='bbox 1802 2485 1976 2545; x_wconf 88' lang='lat' dir='ltr'>einen</span> <span class='ocrx_word' id='word_1_265' title='bbox 2025 2483 2498 2562; x_wconf 79' lang='lat' dir='ltr'>befriedigenden</span> <span class='ocrx_word' id='word_1_266' title='bbox 2548 2483 2698 2544; x_wconf 91' lang='lat' dir='ltr'>Sinn</span> <span class='ocrx_word' id='word_1_267' title='bbox 2746 2503 2815 2546; x_wconf 87' lang='lat' dir='ltr'>zu</span> <span class='ocrx_word' id='word_1_268' title='bbox 2864 2483 3159 2557; x_wconf 82' lang='lat' dir='ltr'>erhalten,</span> <span class='ocrx_word' id='word_1_269' title='bbox 3228 2485 3425 2544; x_wconf 74' lang='lat' dir='ltr'>wurde</span> <span class='ocrx_word' id='word_1_270' title='bbox 3486 2485 3589 2546; x_wconf 90' lang='lat' dir='ltr'>das</span> <span class='ocrx_word' id='word_1_271' title='bbox 3650 2484 3814 2546; x_wconf 85' lang='lat' dir='ltr'>nicht</span> <span class='ocrx_word' id='word_1_272' title='bbox 3873 2490 4164 2564; x_wconf 75' lang='lat' dir='ltr'>geuugen.</span> 
     </span>
     <span class='ocr_line' id='line_1_21' title="bbox 763 2582 4171 2676; baseline 0.001 -20"><span class='ocrx_word' id='word_1_273' title='bbox 763 2597 1056 2661; x_wconf 87' lang='lat' dir='ltr'>Vielmehr</span> <span class='ocrx_word' id='word_1_274' title='bbox 1101 2597 1301 2659; x_wconf 80' lang='lat' dir='ltr'>wurde</span> <span class='ocrx_word' id='word_1_275' title='bbox 1345 2595 1439 2659; x_wconf 90' lang='lat' dir='ltr'>die</span> <span class='ocrx_word' id='word_1_276' title='bbox 1481 2582 1808 2674; x_wconf 57' lang='lat' dir='ltr'>finderung</span> <span class='ocrx_word' id='word_1_277' title='bbox 1855 2596 1998 2659; x_wconf 89' lang='lat' dir='ltr'>dazu</span> <span class='ocrx_word' id='word_1_278' title='bbox 2046 2597 2332 2676; x_wconf 70' lang='lat' dir='ltr'>drangen‚</span> <span class='ocrx_word' id='word_1_279' title='bbox 2402 2595 2549 2658; x_wconf 90' lang='lat' dir='ltr'>auch</span> <span class='ocrx_word' id='word_1_280' title='bbox 2614 2603 2756 2658; x_wconf 86' lang='lat' dir='ltr'>statt</span> <span class='ocrx_word' id='word_1_281' title='bbox 2801 2596 2903 2658; x_wconf 91' lang='lat' dir='ltr'>des</span> <span class='ocrx_word' id='word_1_282' title='bbox 2952 2594 3202 2676; x_wconf 81' lang='lat' dir='ltr'>iibrigen</span> <span class='ocrx_word' id='word_1_283' title='bbox 3260 2595 3365 2657; x_wconf 82' lang='lat' dir='ltr'>das</span> <span class='ocrx_word' id='word_1_284' title='bbox 3414 2596 3822 2669; x_wconf 87' lang='lat' dir='ltr'>eiuzusetzen‚</span> <span class='ocrx_word' id='word_1_285' title='bbox 3890 2615 4007 2658; x_wconf 88' lang='lat' dir='ltr'>was</span> <span class='ocrx_word' id='word_1_286' title='bbox 4064 2598 4171 2662; x_wconf 85' lang='lat' dir='ltr'>der</span> 
     </span>
     <span class='ocr_line' id='line_1_22' title="bbox 761 2695 4169 2789; baseline -0 -18"><span class='ocrx_word' id='word_1_287' title='bbox 761 2695 1116 2771; x_wconf 69' lang='lat' dir='ltr'>Ubersetzer</span> <span class='ocrx_word' id='word_1_288' title='bbox 1159 2710 1508 2783; x_wconf 75' lang='lat' dir='ltr'>ausdruckt‚</span> <span class='ocrx_word' id='word_1_289' title='bbox 1565 2718 1740 2773; x_wconf 84' lang='lat' dir='ltr'>etwa:</span> <span class='ocrx_word' id='word_1_290' title='bbox 1800 2710 1916 2772; x_wconf 88' lang='lat' dir='ltr'>iam</span> <span class='ocrx_word' id='word_1_291' title='bbox 1965 2709 2263 2771; x_wconf 85' lang='lat' dir='ltr'>dominam</span> <span class='ocrx_word' id='word_1_292' title='bbox 2309 2719 2473 2772; x_wconf 88' lang='lat' dir='ltr'>tenet</span> <span class='ocrx_word' id='word_1_293' title='bbox 2517 2707 2698 2771; x_wconf 82' lang='lat' dir='ltr'>alter’.</span> <span class='ocrx_word' id='word_1_294' title='bbox 2786 2708 2907 2770; x_wconf 89' lang='lat' dir='ltr'>Iam</span> <span class='ocrx_word' id='word_1_295' title='bbox 2956 2708 3101 2770; x_wconf 90' lang='lat' dir='ltr'>mihi</span> <span class='ocrx_word' id='word_1_296' title='bbox 3147 2709 3411 2789; x_wconf 88' lang='lat' dir='ltr'>persuasi</span> <span class='ocrx_word' id='word_1_297' title='bbox 3456 2709 3577 2770; x_wconf 87' lang='lat' dir='ltr'>veri</span> <span class='ocrx_word' id='word_1_298' title='bbox 3623 2708 3989 2771; x_wconf 87' lang='lat' dir='ltr'>simillimum</span> <span class='ocrx_word' id='word_1_299' title='bbox 4036 2728 4169 2770; x_wconf 89' lang='lat' dir='ltr'>esse</span> 
     </span>
     <span class='ocr_line' id='line_1_23' title="bbox 764 2822 2108 2886; baseline -0.001 -1"><span class='ocrx_word' id='word_1_300' title='bbox 764 2822 1060 2886; x_wconf 90' lang='lat' dir='ltr'>Tibullum</span> <span class='ocrx_word' id='word_1_301' title='bbox 1110 2823 1196 2885; x_wconf 91' lang='lat' dir='ltr'>sic</span> <span class='ocrx_word' id='word_1_302' title='bbox 1237 2823 1360 2885; x_wconf 82' lang='lat' dir='ltr'>fere</span> <span class='ocrx_word' id='word_1_303' title='bbox 1405 2823 1699 2886; x_wconf 89' lang='lat' dir='ltr'>distichon</span> <span class='ocrx_word' id='word_1_304' title='bbox 1746 2822 2108 2885; x_wconf 85' lang='lat' dir='ltr'>exhibuisse:</span> 
     </span>
    </p>
   </div>
   <div class='ocr_carea' id='block_1_3' title="bbox 1481 2947 3457 3135">
    <p class='ocr_par' dir='ltr' id='par_1_4' title="bbox 1481 2947 3457 3135">
     <span class='ocr_line' id='line_1_24' title="bbox 1481 2947 3457 3030; baseline -0.001 -20"><span class='ocrx_word' id='word_1_305' title='bbox 1481 2963 1490 2970; x_wconf 84' lang='lat'><strong>·</strong></span> <span class='ocrx_word' id='word_1_306' title='bbox 1566 2949 1708 3011; x_wconf 90' lang='lat' dir='ltr'>haec</span> <span class='ocrx_word' id='word_1_307' title='bbox 1753 2967 2010 3011; x_wconf 88' lang='lat' dir='ltr'>nocuere</span> <span class='ocrx_word' id='word_1_308' title='bbox 2055 2948 2293 3030; x_wconf 83' lang='lat' dir='ltr'>mihi⁴):</span> <span class='ocrx_word' id='word_1_309' title='bbox 2339 2950 2449 3011; x_wconf 87' lang='lat' dir='ltr'>sed</span> <span class='ocrx_word' id='word_1_310' title='bbox 2491 2950 2604 3010; x_wconf 85' lang='lat' dir='ltr'>iam</span> <span class='ocrx_word' id='word_1_311' title='bbox 2653 2948 2955 3011; x_wconf 86' lang='lat' dir='ltr'>dominam</span> <span class='ocrx_word' id='word_1_312' title='bbox 3004 2956 3170 3010; x_wconf 84' lang='lat' dir='ltr'>tenet</span> <span class='ocrx_word' id='word_1_313' title='bbox 3214 2947 3457 3027; x_wconf 80' lang='lat' dir='ltr'>alter⁸):</span> 
     </span>
     <span class='ocr_line' id='line_1_25' title="bbox 1565 3036 3319 3135; baseline 0.001 -14"><span class='ocrx_word' id='word_1_314' title='bbox 1565 3063 1724 3124; x_wconf 85' lang='lat' dir='ltr'>veuit</span> <span class='ocrx_word' id='word_1_315' title='bbox 1766 3062 1827 3124; x_wconf 91' lang='lat' dir='ltr'>in</span> <span class='ocrx_word' id='word_1_316' title='bbox 1873 3062 2119 3124; x_wconf 83' lang='lat' dir='ltr'>exitium</span> <span class='ocrx_word' id='word_1_317' title='bbox 2164 3061 2367 3124; x_wconf 83' lang='lat' dir='ltr'>callida</span> <span class='ocrx_word' id='word_1_318' title='bbox 2411 3064 2543 3124; x_wconf 90' lang='lat' dir='ltr'>lena</span> <span class='ocrx_word' id='word_1_319' title='bbox 2591 3080 2812 3135; x_wconf 89' lang='lat' dir='ltr'>meum,</span> <span class='ocrx_word' id='word_1_320' title='bbox 3314 3036 3319 3044; x_wconf 31' lang='lat'>⁵</span> 
     </span>
    </p>
   </div>
   <div class='ocr_carea' id='block_1_4' title="bbox 761 3187 4169 4397">
    <p class='ocr_par' dir='ltr' id='par_1_5' title="bbox 762 3187 4169 3383">
     <span class='ocr_line' id='line_1_26' title="bbox 764 3187 4169 3270; baseline -0.001 -18"><span class='ocrx_word' id='word_1_321' title='bbox 764 3198 828 3252; x_wconf 91' lang='lat' dir='ltr'>ut</span> <span class='ocrx_word' id='word_1_322' title='bbox 869 3208 1046 3251; x_wconf 87' lang='lat' dir='ltr'>versu</span> <span class='ocrx_word' id='word_1_323' title='bbox 1092 3189 1326 3249; x_wconf 89' lang='lat' dir='ltr'>minore</span> <span class='ocrx_word' id='word_1_324' title='bbox 1371 3206 1540 3249; x_wconf 85' lang='lat' dir='ltr'>causa</span> <span class='ocrx_word' id='word_1_325' title='bbox 1589 3188 1710 3249; x_wconf 86' lang='lat' dir='ltr'>sive</span> <span class='ocrx_word' id='word_1_326' title='bbox 1755 3188 2060 3268; x_wconf 87' lang='lat' dir='ltr'>explicatio</span> <span class='ocrx_word' id='word_1_327' title='bbox 2105 3187 2389 3270; x_wconf 89' lang='lat' dir='ltr'>quaedam</span> <span class='ocrx_word' id='word_1_328' title='bbox 2438 3187 2765 3250; x_wconf 86' lang='lat' dir='ltr'>sententiae</span> <span class='ocrx_word' id='word_1_329' title='bbox 2820 3188 2997 3249; x_wconf 86' lang='lat' dir='ltr'>altera</span> <span class='ocrx_word' id='word_1_330' title='bbox 3052 3187 3289 3249; x_wconf 82' lang='lat' dir='ltr'>maioris</span> <span class='ocrx_word' id='word_1_331' title='bbox 3336 3206 3539 3249; x_wconf 84' lang='lat' dir='ltr'>versus</span> <span class='ocrx_word' id='word_1_332' title='bbox 3598 3196 3763 3268; x_wconf 88' lang='lat' dir='ltr'>parte</span> <span class='ocrx_word' id='word_1_333' title='bbox 3822 3188 4169 3251; x_wconf 89' lang='lat' dir='ltr'>enuntiatae</span> 
     </span>
     <span class='ocr_line' id='line_1_27' title="bbox 762 3300 3766 3383; baseline -0.001 -19"><span class='ocrx_word' id='word_1_334' title='bbox 762 3304 1072 3375; x_wconf 78' lang='lat' dir='ltr'>afferatur3</span> <span class='ocrx_word' id='word_1_335' title='bbox 1113 3319 1289 3381; x_wconf 90' lang='lat' dir='ltr'>quam</span> <span class='ocrx_word' id='word_1_336' title='bbox 1337 3301 1767 3363; x_wconf 85' lang='lat' dir='ltr'>sententiarum</span> <span class='ocrx_word' id='word_1_337' title='bbox 1815 3301 2111 3362; x_wconf 89' lang='lat' dir='ltr'>rationem</span> <span class='ocrx_word' id='word_1_338' title='bbox 2157 3300 2471 3362; x_wconf 86' lang='lat' dir='ltr'>artificiosa</span> <span class='ocrx_word' id='word_1_339' title='bbox 2517 3301 2831 3363; x_wconf 86' lang='lat' dir='ltr'>verborum</span> <span class='ocrx_word' id='word_1_340' title='bbox 2880 3300 3261 3363; x_wconf 88' lang='lat' dir='ltr'>collocatione</span> <span class='ocrx_word' id='word_1_341' title='bbox 3307 3300 3553 3362; x_wconf 89' lang='lat' dir='ltr'>indicari</span> <span class='ocrx_word' id='word_1_342' title='bbox 3600 3309 3766 3383; x_wconf 88' lang='lat' dir='ltr'>puto.</span> 
     </span>
    </p>

    <p class='ocr_par' dir='ltr' id='par_1_6' title="bbox 761 3411 4169 4397">
     <span class='ocr_line' id='line_1_28' title="bbox 1050 3411 4169 3494; baseline -0 -18"><span class='ocrx_word' id='word_1_343' title='bbox 1050 3414 1163 3483; x_wconf 83' lang='lat'>15,</span> <span class='ocrx_word' id='word_1_344' title='bbox 1196 3412 1278 3475; x_wconf 84' lang='lat'>69</span> <span class='ocrx_word' id='word_1_345' title='bbox 1325 3413 1572 3474; x_wconf 88' lang='lat' dir='ltr'>‘scheiut</span> <span class='ocrx_word' id='word_1_346' title='bbox 1619 3411 1770 3485; x_wconf 86' lang='lat' dir='ltr'>mir&#39;,</span> <span class='ocrx_word' id='word_1_347' title='bbox 1815 3413 2012 3493; x_wconf 90' lang='lat' dir='ltr'>inquit</span> <span class='ocrx_word' id='word_1_348' title='bbox 2040 3414 2112 3475; x_wconf 86' lang='lat' dir='ltr'>H.</span> <span class='ocrx_word' id='word_1_349' title='bbox 2139 3412 2380 3493; x_wconf 82' lang='lat' dir='ltr'>Magnus</span> <span class='ocrx_word' id='word_1_350' title='bbox 2414 3417 2493 3493; x_wconf 89' lang='lat' dir='ltr'>(p.</span> <span class='ocrx_word' id='word_1_351' title='bbox 2524 3414 2730 3489; x_wconf 85' lang='lat'>1550),</span> <span class='ocrx_word' id='word_1_352' title='bbox 2778 3412 2891 3474; x_wconf 84' lang='lat' dir='ltr'>‘die</span> <span class='ocrx_word' id='word_1_353' title='bbox 2920 3414 3339 3493; x_wconf 83' lang='lat' dir='ltr'>Verteidigung</span> <span class='ocrx_word' id='word_1_354' title='bbox 3384 3413 3489 3474; x_wconf 91' lang='lat' dir='ltr'>des</span> <span class='ocrx_word' id='word_1_355' title='bbox 3538 3412 3955 3475; x_wconf 80' lang='lat' dir='ltr'>iiberliei&#39;erten</span> <span class='ocrx_word' id='word_1_356' title='bbox 3998 3416 4169 3494; x_wconf 77' lang='lat' dir='ltr'>furta</span> 
     </span>
     <span class='ocr_line' id='line_1_29' title="bbox 765 3524 4168 3606; baseline 0 -19"><span class='ocrx_word' id='word_1_357' title='bbox 765 3527 886 3587; x_wconf 83' lang='lat' dir='ltr'>und</span> <span class='ocrx_word' id='word_1_358' title='bbox 932 3526 1024 3588; x_wconf 91' lang='lat' dir='ltr'>die</span> <span class='ocrx_word' id='word_1_359' title='bbox 1068 3526 1405 3603; x_wconf 86' lang='lat' dir='ltr'>Beziehung</span> <span class='ocrx_word' id='word_1_360' title='bbox 1449 3526 1553 3587; x_wconf 70' lang='lat' dir='ltr'>aul*</span> <span class='ocrx_word' id='word_1_361' title='bbox 1590 3545 1642 3586; x_wconf 79' lang='grc' dir='ltr'>ν.</span> <span class='ocrx_word' id='word_1_362' title='bbox 1677 3526 1753 3587; x_wconf 88' lang='lat'>71</span> <span class='ocrx_word' id='word_1_363' title='bbox 1803 3526 1942 3586; x_wconf 88' lang='lat' dir='ltr'>sehr</span> <span class='ocrx_word' id='word_1_364' title='bbox 1986 3526 2288 3606; x_wconf 87' lang='lat' dir='ltr'>plausibel.</span> <span class='ocrx_word' id='word_1_365' title='bbox 2349 3526 2479 3587; x_wconf 87' lang='lat' dir='ltr'>Nur</span> <span class='ocrx_word' id='word_1_366' title='bbox 2510 3527 2673 3589; x_wconf 82' lang='lat' dir='ltr'>weiss</span> <span class='ocrx_word' id='word_1_367' title='bbox 2718 3524 2810 3586; x_wconf 89' lang='lat' dir='ltr'>ich</span> <span class='ocrx_word' id='word_1_368' title='bbox 2856 3526 2959 3587; x_wconf 89' lang='lat' dir='ltr'>das</span> <span class='ocrx_word' id='word_1_369' title='bbox 3004 3526 3195 3606; x_wconf 91' lang='lat' dir='ltr'>plane,</span> <span class='ocrx_word' id='word_1_370' title='bbox 3242 3526 3333 3587; x_wconf 90' lang='lat' dir='ltr'>bis</span> <span class='ocrx_word' id='word_1_371' title='bbox 3378 3544 3483 3587; x_wconf 86' lang='lat' dir='ltr'>zur</span> <span class='ocrx_word' id='word_1_372' title='bbox 3514 3525 3827 3588; x_wconf 79' lang='lat' dir='ltr'>Nacktheit</span> <span class='ocrx_word' id='word_1_373' title='bbox 3871 3526 4168 3587; x_wconf 88' lang='lat' dir='ltr'>deutliche</span> 
     </span>
     <span class='ocr_line' id='line_1_30' title="bbox 761 3637 4166 3719; baseline -0.001 -18"><span class='ocrx_word' id='word_1_374' title='bbox 761 3658 889 3701; x_wconf 85' lang='lat' dir='ltr'>mea</span> <span class='ocrx_word' id='word_1_375' title='bbox 930 3639 1086 3701; x_wconf 78' lang='lat' dir='ltr'>furta</span> <span class='ocrx_word' id='word_1_376' title='bbox 1131 3638 1300 3699; x_wconf 88' lang='lat' dir='ltr'>nicht</span> <span class='ocrx_word' id='word_1_377' title='bbox 1342 3637 1510 3700; x_wconf 84' lang='lat' dir='ltr'>recht</span> <span class='ocrx_word' id='word_1_378' title='bbox 1555 3639 1661 3700; x_wconf 89' lang='lat' dir='ltr'>mit</span> <span class='ocrx_word' id='word_1_379' title='bbox 1705 3638 1838 3699; x_wconf 89' lang='lat' dir='ltr'>dem</span> <span class='ocrx_word' id='word_1_380' title='bbox 1885 3638 2330 3717; x_wconf 87' lang='lat' dir='ltr'>geheimnisvoll</span> <span class='ocrx_word' id='word_1_381' title='bbox 2379 3638 2847 3709; x_wconf 85' lang='lat' dir='ltr'>unbestimmten</span> <span class='ocrx_word' id='word_1_382' title='bbox 2878 3638 3110 3719; x_wconf 77' lang='lat' dir='ltr'>quidam</span> <span class='ocrx_word' id='word_1_383' title='bbox 3151 3638 3213 3699; x_wconf 89' lang='lat' dir='ltr'>iu</span> <span class='ocrx_word' id='word_1_384' title='bbox 3244 3658 3294 3698; x_wconf 87' lang='lat' dir='ltr'>v.</span> <span class='ocrx_word' id='word_1_385' title='bbox 3323 3640 3395 3699; x_wconf 82' lang='lat'>71</span> <span class='ocrx_word' id='word_1_386' title='bbox 3436 3658 3505 3701; x_wconf 88' lang='lat' dir='ltr'>zu</span> <span class='ocrx_word' id='word_1_387' title='bbox 3538 3637 3915 3717; x_wconf 82' lang='lat' dir='ltr'>vereinigen’.</span> <span class='ocrx_word' id='word_1_388' title='bbox 3991 3638 4166 3700; x_wconf 84' lang='lat' dir='ltr'>Poeta</span> 
     </span>
     <span class='ocr_line' id='line_1_31' title="bbox 762 3750 4168 3833; baseline -0.001 -20"><span class='ocrx_word' id='word_1_389' title='bbox 762 3753 940 3833; x_wconf 83' lang='lat' dir='ltr'>igitur</span> <span class='ocrx_word' id='word_1_390' title='bbox 971 3772 1022 3813; x_wconf 86' lang='lat' dir='ltr'>v.</span> <span class='ocrx_word' id='word_1_391' title='bbox 1047 3750 1127 3812; x_wconf 84' lang='lat'>69</span> <span class='ocrx_word' id='word_1_392' title='bbox 1173 3770 1308 3813; x_wconf 88' lang='lat' dir='ltr'>eum</span> <span class='ocrx_word' id='word_1_393' title='bbox 1356 3752 1457 3832; x_wconf 89' lang='lat' dir='ltr'>qui</span> <span class='ocrx_word' id='word_1_394' title='bbox 1503 3751 1700 3832; x_wconf 90' lang='lat' dir='ltr'>potior</span> <span class='ocrx_word' id='word_1_395' title='bbox 1745 3770 1908 3813; x_wconf 87' lang='lat' dir='ltr'>nunc</span> <span class='ocrx_word' id='word_1_396' title='bbox 1951 3761 2042 3813; x_wconf 88' lang='lat' dir='ltr'>est</span> <span class='ocrx_word' id='word_1_397' title='bbox 2086 3770 2189 3812; x_wconf 88' lang='lat' dir='ltr'>sua</span> <span class='ocrx_word' id='word_1_398' title='bbox 2234 3750 2391 3813; x_wconf 73' lang='lat' dir='ltr'>furta</span> <span class='ocrx_word' id='word_1_399' title='bbox 2439 3750 2647 3813; x_wconf 89' lang='lat' dir='ltr'>timere</span> <span class='ocrx_word' id='word_1_400' title='bbox 2693 3751 2879 3813; x_wconf 90' lang='lat' dir='ltr'>iussit.</span> <span class='ocrx_word' id='word_1_401' title='bbox 2958 3750 3121 3824; x_wconf 88' lang='lat' dir='ltr'>Quae</span> <span class='ocrx_word' id='word_1_402' title='bbox 3167 3770 3285 3831; x_wconf 93' lang='lat' dir='ltr'>quo</span> <span class='ocrx_word' id='word_1_403' title='bbox 3335 3752 3515 3831; x_wconf 84' lang='lat' dir='ltr'>magis</span> <span class='ocrx_word' id='word_1_404' title='bbox 3560 3752 3657 3813; x_wconf 91' lang='lat' dir='ltr'>ille</span> <span class='ocrx_word' id='word_1_405' title='bbox 3701 3752 3926 3824; x_wconf 86' lang='lat' dir='ltr'>timeat,</span> <span class='ocrx_word' id='word_1_406' title='bbox 3972 3750 4168 3812; x_wconf 88' lang='lat' dir='ltr'>verbis</span> 
     </span>
     <span class='ocr_line' id='line_1_32' title="bbox 763 3862 4169 3944; baseline -0.001 -17"><span class='ocrx_word' id='word_1_407' title='bbox 763 3873 902 3927; x_wconf 84' lang='lat' dir='ltr'>‘non</span> <span class='ocrx_word' id='word_1_408' title='bbox 964 3864 1203 3927; x_wconf 82' lang='lat' dir='ltr'>frustra’</span> <span class='ocrx_word' id='word_1_409' title='bbox 1264 3864 1506 3926; x_wconf 89' lang='lat' dir='ltr'>adiectis</span> <span class='ocrx_word' id='word_1_410' title='bbox 1563 3865 1704 3926; x_wconf 90' lang='lat' dir='ltr'>inde</span> <span class='ocrx_word' id='word_1_411' title='bbox 1759 3884 1790 3926; x_wconf 90' lang='lat' dir='ltr'>a</span> <span class='ocrx_word' id='word_1_412' title='bbox 1849 3882 2022 3925; x_wconf 87' lang='lat' dir='ltr'>versu</span> <span class='ocrx_word' id='word_1_413' title='bbox 2068 3865 2142 3924; x_wconf 84' lang='lat'>71</span> <span class='ocrx_word' id='word_1_414' title='bbox 2205 3863 2485 3925; x_wconf 89' lang='lat' dir='ltr'>admonet</span> <span class='ocrx_word' id='word_1_415' title='bbox 2540 3883 2675 3925; x_wconf 90' lang='lat' dir='ltr'>eum</span> <span class='ocrx_word' id='word_1_416' title='bbox 2732 3865 2803 3925; x_wconf 89' lang='lat' dir='ltr'>de</span> <span class='ocrx_word' id='word_1_417' title='bbox 2860 3864 3203 3944; x_wconf 86' lang='lat' dir='ltr'>suspiciosis</span> <span class='ocrx_word' id='word_1_418' title='bbox 3260 3863 3611 3943; x_wconf 89' lang='lat' dir='ltr'>quibusdam</span> <span class='ocrx_word' id='word_1_419' title='bbox 3657 3864 3837 3925; x_wconf 90' lang='lat' dir='ltr'>rebus</span> <span class='ocrx_word' id='word_1_420' title='bbox 3883 3882 4028 3943; x_wconf 89' lang='lat' dir='ltr'>quas</span> <span class='ocrx_word' id='word_1_421' title='bbox 4074 3862 4169 3925; x_wconf 88' lang='lat' dir='ltr'>ille</span> 
     </span>
     <span class='ocr_line' id='line_1_33' title="bbox 761 3975 4167 4058; baseline -0.001 -19"><span class='ocrx_word' id='word_1_422' title='bbox 761 3978 1230 4040; x_wconf 87' lang='lat' dir='ltr'>animadvertere</span> <span class='ocrx_word' id='word_1_423' title='bbox 1277 3984 1569 4057; x_wconf 88' lang='lat' dir='ltr'>potuerat.</span> <span class='ocrx_word' id='word_1_424' title='bbox 1632 3980 1822 4058; x_wconf 81' lang='lat' dir='ltr'>Atque</span> <span class='ocrx_word' id='word_1_425' title='bbox 1865 3996 1931 4038; x_wconf 91' lang='lat' dir='ltr'>ea</span> <span class='ocrx_word' id='word_1_426' title='bbox 1977 3978 2098 4056; x_wconf 88' lang='lat' dir='ltr'>ipsa</span> <span class='ocrx_word' id='word_1_427' title='bbox 2148 3977 2220 4037; x_wconf 92' lang='lat' dir='ltr'>de</span> <span class='ocrx_word' id='word_1_428' title='bbox 2267 3996 2439 4039; x_wconf 88' lang='lat' dir='ltr'>causa</span> <span class='ocrx_word' id='word_1_429' title='bbox 2485 3978 2642 4058; x_wconf 89' lang='lat' dir='ltr'>quod</span> <span class='ocrx_word' id='word_1_430' title='bbox 2690 3994 2813 4038; x_wconf 90' lang='lat' dir='ltr'>non</span> <span class='ocrx_word' id='word_1_431' title='bbox 2859 3984 2951 4037; x_wconf 89' lang='lat' dir='ltr'>est</span> <span class='ocrx_word' id='word_1_432' title='bbox 2994 3976 3320 4038; x_wconf 82' lang='lat' dir='ltr'>traditurus</span> <span class='ocrx_word' id='word_1_433' title='bbox 3367 3987 3542 4056; x_wconf 89' lang='lat' dir='ltr'>poeta</span> <span class='ocrx_word' id='word_1_434' title='bbox 3588 3976 3726 4056; x_wconf 90' lang='lat' dir='ltr'>quid</span> <span class='ocrx_word' id='word_1_435' title='bbox 3776 3977 3901 4055; x_wconf 89' lang='lat' dir='ltr'>ipse</span> <span class='ocrx_word' id='word_1_436' title='bbox 3943 3975 4167 4047; x_wconf 83' lang='lat' dir='ltr'>fecerit,</span> 
     </span>
     <span class='ocr_line' id='line_1_34' title="bbox 761 4089 4169 4171; baseline -0.001 -20"><span class='ocrx_word' id='word_1_437' title='bbox 761 4092 864 4153; x_wconf 89' lang='lat' dir='ltr'>sed</span> <span class='ocrx_word' id='word_1_438' title='bbox 913 4091 1494 4153; x_wconf 76' lang='lat' dir='ltr'>commonefacturus</span> <span class='ocrx_word' id='word_1_439' title='bbox 1539 4089 1678 4171; x_wconf 91' lang='lat' dir='ltr'>quid</span> <span class='ocrx_word' id='word_1_440' title='bbox 1727 4090 1822 4151; x_wconf 92' lang='lat' dir='ltr'>ille</span> <span class='ocrx_word' id='word_1_441' title='bbox 1868 4090 2114 4157; x_wconf 81' lang='lat' dir='ltr'>forsitan</span> <span class='ocrx_word' id='word_1_442' title='bbox 2161 4091 2276 4151; x_wconf 89' lang='lat' dir='ltr'>iam</span> <span class='ocrx_word' id='word_1_443' title='bbox 2325 4090 2540 4152; x_wconf 89' lang='lat' dir='ltr'>viderit</span> <span class='ocrx_word' id='word_1_444' title='bbox 2582 4124 2665 4135; x_wconf 85' lang='lat'><em>-</em></span> <span class='ocrx_word' id='word_1_445' title='bbox 2710 4090 2803 4153; x_wconf 92' lang='lat' dir='ltr'>ille</span> <span class='ocrx_word' id='word_1_446' title='bbox 2860 4098 3056 4151; x_wconf 87' lang='lat' dir='ltr'>autem</span> <span class='ocrx_word' id='word_1_447' title='bbox 3114 4108 3234 4151; x_wconf 90' lang='lat' dir='ltr'>non</span> <span class='ocrx_word' id='word_1_448' title='bbox 3280 4089 3580 4152; x_wconf 86' lang='lat' dir='ltr'>Tibullum</span> <span class='ocrx_word' id='word_1_449' title='bbox 3637 4107 3815 4169; x_wconf 90' lang='lat' dir='ltr'>quem</span> <span class='ocrx_word' id='word_1_450' title='bbox 3864 4090 4169 4150; x_wconf 89' lang='lat' dir='ltr'>hominem</span> 
     </span>
     <span class='ocr_line' id='line_1_35' title="bbox 763 4201 4167 4284; baseline -0.001 -18"><span class='ocrx_word' id='word_1_451' title='bbox 763 4203 1092 4283; x_wconf 81' lang='lat' dir='ltr'>ignorabat,</span> <span class='ocrx_word' id='word_1_452' title='bbox 1137 4204 1238 4265; x_wconf 86' lang='lat' dir='ltr'>sed</span> <span class='ocrx_word' id='word_1_453' title='bbox 1286 4203 1582 4284; x_wconf 89' lang='lat' dir='ltr'>quendam</span> <span class='ocrx_word' id='word_1_454' title='bbox 1631 4203 1858 4265; x_wconf 85' lang='lat' dir='ltr'>viderat</span> <span class='ocrx_word' id='word_1_455' title='bbox 1901 4236 2002 4275; x_wconf 86' lang='lat'>—-,</span> <span class='ocrx_word' id='word_1_456' title='bbox 2056 4212 2218 4265; x_wconf 85' lang='lat' dir='ltr'>recte</span> <span class='ocrx_word' id='word_1_457' title='bbox 2263 4203 2621 4283; x_wconf 89' lang='lat' dir='ltr'>pronomine</span> <span class='ocrx_word' id='word_1_458' title='bbox 2666 4202 2938 4284; x_wconf 85' lang='lat' dir='ltr'>‘quidam’</span> <span class='ocrx_word' id='word_1_459' title='bbox 2983 4221 3127 4264; x_wconf 85' lang='lat' dir='ltr'>usus</span> <span class='ocrx_word' id='word_1_460' title='bbox 3171 4221 3237 4263; x_wconf 90' lang='lat' dir='ltr'>se</span> <span class='ocrx_word' id='word_1_461' title='bbox 3282 4201 3571 4281; x_wconf 80' lang='lat' dir='ltr'>significat</span> <span class='ocrx_word' id='word_1_462' title='bbox 3615 4210 3910 4283; x_wconf 87' lang='lat' dir='ltr'>quatenus</span> <span class='ocrx_word' id='word_1_463' title='bbox 3954 4202 4028 4264; x_wconf 94' lang='lat' dir='ltr'>ab</span> <span class='ocrx_word' id='word_1_464' title='bbox 4070 4202 4167 4263; x_wconf 91' lang='lat' dir='ltr'>illo</span> 
     </span>
     <span class='ocr_line' id='line_1_36' title="bbox 761 4313 3743 4397; baseline -0.001 -20"><span class='ocrx_word' id='word_1_465' title='bbox 761 4317 920 4379; x_wconf 87' lang='lat' dir='ltr'>visus</span> <span class='ocrx_word' id='word_1_466' title='bbox 967 4324 1107 4379; x_wconf 89' lang='lat' dir='ltr'>erat.</span> <span class='ocrx_word' id='word_1_467' title='bbox 1198 4315 1340 4395; x_wconf 85' lang='lat' dir='ltr'>Ego,</span> <span class='ocrx_word' id='word_1_468' title='bbox 1387 4316 1598 4397; x_wconf 88' lang='lat' dir='ltr'>inquit,</span> <span class='ocrx_word' id='word_1_469' title='bbox 1645 4335 1776 4379; x_wconf 89' lang='lat' dir='ltr'>sum</span> <span class='ocrx_word' id='word_1_470' title='bbox 1825 4317 1935 4378; x_wconf 87' lang='lat' dir='ltr'>iste</span> <span class='ocrx_word' id='word_1_471' title='bbox 1979 4313 2280 4396; x_wconf 78' lang='lat' dir='ltr'>‘quidam’‚</span> <span class='ocrx_word' id='word_1_472' title='bbox 2327 4335 2505 4397; x_wconf 87' lang='lat' dir='ltr'>quem</span> <span class='ocrx_word' id='word_1_473' title='bbox 2551 4316 2754 4377; x_wconf 90' lang='lat' dir='ltr'>limina</span> <span class='ocrx_word' id='word_1_474' title='bbox 2800 4316 3213 4378; x_wconf 87' lang='lat' dir='ltr'>observantem</span> <span class='ocrx_word' id='word_1_475' title='bbox 3262 4314 3743 4377; x_wconf 86' lang='lat' dir='ltr'>animadvertisti.</span> 
     </span>
    </p>
   </div>
   <div class='ocr_carea' id='block_1_5' title="bbox 763 4440 1188 4451">
    <p class='ocr_par' dir='ltr' id='par_1_7' title="bbox 763 4440 1188 4451">
     <span class='ocr_line' id='line_1_37' title="bbox 763 4440 1188 4451; baseline 0 1224"><span class='ocrx_word' id='word_1_476' title='bbox 763 4440 1188 4451; x_wconf 95' lang='lat' dir='ltr'> </span> 
     </span>
    </p>
   </div>
   <div class='ocr_carea' id='block_1_6' title="bbox 759 4488 4169 5164">
    <p class='ocr_par' dir='ltr' id='par_1_8' title="bbox 1045 4488 1610 4558">
     <span class='ocr_line' id='line_1_38' title="bbox 1045 4488 1610 4558; baseline -0.002 -16"><span class='ocrx_word' id='word_1_477' title='bbox 1045 4490 1087 4557; x_wconf 84' lang='lat'>²)</span> <span class='ocrx_word' id='word_1_478' title='bbox 1141 4488 1216 4542; x_wconf 85' lang='lat' dir='ltr'>Cf.</span> <span class='ocrx_word' id='word_1_479' title='bbox 1253 4492 1382 4557; x_wconf 90' lang='lat' dir='ltr'>prol.</span> <span class='ocrx_word' id='word_1_480' title='bbox 1423 4506 1500 4558; x_wconf 81' lang='lat' dir='ltr'>pg.</span> <span class='ocrx_word' id='word_1_481' title='bbox 1531 4490 1610 4541; x_wconf 84' lang='lat'>27.</span> 
     </span>
    </p>

    <p class='ocr_par' dir='ltr' id='par_1_9' title="bbox 759 4574 4169 4891">
     <span class='ocr_line' id='line_1_39' title="bbox 1044 4574 4169 4643; baseline -0.001 -16"><span class='ocrx_word' id='word_1_482' title='bbox 1044 4578 1086 4643; x_wconf 80' lang='lat'>²)</span> <span class='ocrx_word' id='word_1_483' title='bbox 1139 4576 1191 4627; x_wconf 85' lang='lat' dir='ltr'>ln</span> <span class='ocrx_word' id='word_1_484' title='bbox 1240 4578 1318 4629; x_wconf 88' lang='lat' dir='ltr'>eis</span> <span class='ocrx_word' id='word_1_485' title='bbox 1369 4591 1494 4643; x_wconf 73' lang='lat' dir='ltr'>quae</span> <span class='ocrx_word' id='word_1_486' title='bbox 1549 4577 1608 4627; x_wconf 79' lang='lat' dir='ltr'>ad</span> <span class='ocrx_word' id='word_1_487' title='bbox 1665 4576 1893 4628; x_wconf 71' lang='lat' dir='ltr'>lacunam</span> <span class='ocrx_word' id='word_1_488' title='bbox 1949 4576 2248 4643; x_wconf 84' lang='lat' dir='ltr'>explendam</span> <span class='ocrx_word' id='word_1_489' title='bbox 2304 4582 2617 4627; x_wconf 84' lang='lat' dir='ltr'>commentus</span> <span class='ocrx_word' id='word_1_490' title='bbox 2670 4584 2753 4628; x_wconf 81' lang='lat' dir='ltr'>est</span> <span class='ocrx_word' id='word_1_491' title='bbox 2792 4576 3053 4627; x_wconf 81' lang='lat' dir='ltr'>Rothsteiu</span> <span class='ocrx_word' id='word_1_492' title='bbox 3094 4576 3192 4627; x_wconf 86' lang='lat' dir='ltr'>‘his</span> <span class='ocrx_word' id='word_1_493' title='bbox 3238 4576 3367 4627; x_wconf 81' lang='lat' dir='ltr'>solis</span> <span class='ocrx_word' id='word_1_494' title='bbox 3406 4583 3614 4642; x_wconf 76' lang='lat' dir='ltr'>ceperat</span> <span class='ocrx_word' id='word_1_495' title='bbox 3648 4574 3830 4637; x_wconf 82' lang='lat' dir='ltr'>armis,</span> <span class='ocrx_word' id='word_1_496' title='bbox 3884 4574 3963 4625; x_wconf 81' lang='lat' dir='ltr'>hia</span> <span class='ocrx_word' id='word_1_497' title='bbox 4002 4574 4169 4624; x_wconf 84' lang='lat' dir='ltr'>tenuit</span> 
     </span>
     <span class='ocr_line' id='line_1_40' title="bbox 761 4660 4165 4729; baseline -0.002 -15"><span class='ocrx_word' id='word_1_498' title='bbox 761 4664 952 4715; x_wconf 86' lang='lat' dir='ltr'>victum</span> <span class='ocrx_word' id='word_1_499' title='bbox 988 4664 1135 4714; x_wconf 78' lang='lat' dir='ltr'>Delia</span> <span class='ocrx_word' id='word_1_500' title='bbox 1173 4669 1350 4713; x_wconf 76' lang='lat' dir='ltr'>nostra</span> <span class='ocrx_word' id='word_1_501' title='bbox 1387 4664 1568 4714; x_wconf 85' lang='lat' dir='ltr'>virum.</span> <span class='ocrx_word' id='word_1_502' title='bbox 1643 4663 1711 4713; x_wconf 76' lang='lat' dir='ltr'>At</span> <span class='ocrx_word' id='word_1_503' title='bbox 1747 4678 1876 4713; x_wconf 86' lang='lat' dir='ltr'>nunc</span> <span class='ocrx_word' id='word_1_504' title='bbox 1914 4662 2176 4713; x_wconf 87' lang='lat' dir='ltr'>excludor’</span> <span class='ocrx_word' id='word_1_505' title='bbox 2212 4678 2363 4712; x_wconf 88' lang='lat' dir='ltr'>unum</span> <span class='ocrx_word' id='word_1_506' title='bbox 2420 4662 2543 4713; x_wconf 84' lang='lat' dir='ltr'>mihi</span> <span class='ocrx_word' id='word_1_507' title='bbox 2578 4663 2816 4729; x_wconf 87' lang='lat' dir='ltr'>displicet</span> <span class='ocrx_word' id='word_1_508' title='bbox 2852 4662 3151 4714; x_wconf 69' lang='lat' dir='ltr'>vocabulum</span> <span class='ocrx_word' id='word_1_509' title='bbox 3187 4662 3365 4723; x_wconf 86' lang='lat' dir='ltr'>‘solis’‚</span> <span class='ocrx_word' id='word_1_510' title='bbox 3424 4662 3552 4729; x_wconf 86' lang='lat' dir='ltr'>quod</span> <span class='ocrx_word' id='word_1_511' title='bbox 3604 4662 3721 4728; x_wconf 87' lang='lat' dir='ltr'>quid</span> <span class='ocrx_word' id='word_1_512' title='bbox 3776 4660 3878 4711; x_wconf 80' lang='lat' dir='ltr'>sibi</span> <span class='ocrx_word' id='word_1_513' title='bbox 3929 4660 4061 4709; x_wconf 85' lang='lat' dir='ltr'>velit</span> <span class='ocrx_word' id='word_1_514' title='bbox 4114 4660 4165 4709; x_wconf 84' lang='lat' dir='ltr'>in</span> 
     </span>
     <span class='ocr_line' id='line_1_41' title="bbox 759 4744 4166 4816; baseline -0.002 -15"><span class='ocrx_word' id='word_1_515' title='bbox 759 4752 852 4802; x_wconf 77' lang='lat' dir='ltr'>hac</span> <span class='ocrx_word' id='word_1_516' title='bbox 889 4752 1164 4815; x_wconf 76' lang='lat' dir='ltr'>sententia,</span> <span class='ocrx_word' id='word_1_517' title='bbox 1201 4767 1296 4801; x_wconf 82' lang='lat' dir='ltr'>nou</span> <span class='ocrx_word' id='word_1_518' title='bbox 1334 4750 1602 4812; x_wconf 78' lang='lat' dir='ltr'>intellego.</span> <span class='ocrx_word' id='word_1_519' title='bbox 1658 4746 1832 4815; x_wconf 85' lang='lat' dir='ltr'>Neque</span> <span class='ocrx_word' id='word_1_520' title='bbox 1859 4764 1984 4801; x_wconf 87' lang='lat' dir='ltr'>vero</span> <span class='ocrx_word' id='word_1_521' title='bbox 2023 4751 2071 4800; x_wconf 88' lang='lat' dir='ltr'>ei</span> <span class='ocrx_word' id='word_1_522' title='bbox 2112 4750 2192 4800; x_wconf 88' lang='lat' dir='ltr'>rei</span> <span class='ocrx_word' id='word_1_523' title='bbox 2229 4749 2495 4816; x_wconf 79' lang='lat' dir='ltr'>quidquam</span> <span class='ocrx_word' id='word_1_524' title='bbox 2534 4749 2703 4801; x_wconf 84' lang='lat' dir='ltr'>tribuo</span> <span class='ocrx_word' id='word_1_525' title='bbox 2741 4750 3007 4816; x_wconf 83' lang='lat' dir='ltr'>ponderis:</span> <span class='ocrx_word' id='word_1_526' title='bbox 3046 4749 3283 4801; x_wconf 84' lang='lat' dir='ltr'>nimirum</span> <span class='ocrx_word' id='word_1_527' title='bbox 3322 4748 3423 4801; x_wconf 77' lang='lat' dir='ltr'>alia</span> <span class='ocrx_word' id='word_1_528' title='bbox 3463 4765 3523 4800; x_wconf 79' lang='lat' dir='ltr'>ac</span> <span class='ocrx_word' id='word_1_529' title='bbox 3558 4748 3773 4800; x_wconf 79' lang='lat' dir='ltr'>meliora</span> <span class='ocrx_word' id='word_1_530' title='bbox 3802 4744 3953 4795; x_wconf 77' lang='lat' dir='ltr'>facile</span> <span class='ocrx_word' id='word_1_531' title='bbox 3977 4744 4166 4811; x_wconf 74' lang='lat' dir='ltr'>aliquis</span> 
     </span>
     <span class='ocr_line' id='line_1_42' title="bbox 765 4840 1200 4891; baseline -0.005 0"><span class='ocrx_word' id='word_1_532' title='bbox 765 4840 1200 4891; x_wconf 67' lang='lat' dir='ltr'>comminiscetur.</span> 
     </span>
    </p>

    <p class='ocr_par' dir='ltr' id='par_1_10' title="bbox 1043 4922 1988 4992">
     <span class='ocr_line' id='line_1_43' title="bbox 1043 4922 1988 4992; baseline -0.006 -11"><span class='ocrx_word' id='word_1_533' title='bbox 1043 4922 1084 4981; x_wconf 76' lang='lat'>³)</span> <span class='ocrx_word' id='word_1_534' title='bbox 1142 4924 1217 4977; x_wconf 80' lang='lat' dir='ltr'>Cf.</span> <span class='ocrx_word' id='word_1_535' title='bbox 1256 4940 1382 4992; x_wconf 79' lang='lat' dir='ltr'>quae</span> <span class='ocrx_word' id='word_1_536' title='bbox 1419 4939 1570 4991; x_wconf 78' lang='lat' dir='ltr'>supra</span> <span class='ocrx_word' id='word_1_537' title='bbox 1609 4924 1835 4975; x_wconf 78' lang='lat' dir='ltr'>disserui</span> <span class='ocrx_word' id='word_1_538' title='bbox 1867 4940 1914 4991; x_wconf 89' lang='lat' dir='ltr'>p.</span> <span class='ocrx_word' id='word_1_539' title='bbox 1941 4926 1988 4975; x_wconf 88' lang='lat'>6.</span> 
     </span>
    </p>

    <p class='ocr_par' dir='ltr' id='par_1_11' title="bbox 1043 5009 2112 5077">
     <span class='ocr_line' id='line_1_44' title="bbox 1043 5009 2112 5077; baseline -0.002 -14"><span class='ocrx_word' id='word_1_540' title='bbox 1043 5013 1090 5077; x_wconf 86' lang='lat'>⁴)</span> <span class='ocrx_word' id='word_1_541' title='bbox 1141 5011 1218 5063; x_wconf 85' lang='lat' dir='ltr'>Cl’.</span> <span class='ocrx_word' id='word_1_542' title='bbox 1254 5010 1298 5063; x_wconf 90' lang='lat'>11</span> <span class='ocrx_word' id='word_1_543' title='bbox 1322 5012 1372 5075; x_wconf 79' lang='lat'>4,</span> <span class='ocrx_word' id='word_1_544' title='bbox 1396 5012 1458 5062; x_wconf 88' lang='grc'>31</span> <span class='ocrx_word' id='word_1_545' title='bbox 1499 5013 1644 5076; x_wconf 78' lang='lat' dir='ltr'>(haec</span> <span class='ocrx_word' id='word_1_546' title='bbox 1679 5009 1850 5062; x_wconf 78' lang='lat' dir='ltr'>fecere</span> <span class='ocrx_word' id='word_1_547' title='bbox 1889 5012 2112 5075; x_wconf 67' lang='lat' dir='ltr'>maiust).</span> 
     </span>
    </p>

    <p class='ocr_par' dir='ltr' id='par_1_12' title="bbox 1050 5098 2856 5164">
     <span class='ocr_line' id='line_1_45' title="bbox 1050 5098 2856 5164; baseline -0.001 -15"><span class='ocrx_word' id='word_1_548' title='bbox 1050 5100 1090 5158; x_wconf 76' lang='lat'>⁸)</span> <span class='ocrx_word' id='word_1_549' title='bbox 1147 5099 1260 5149; x_wconf 76' lang='lat' dir='ltr'>nive</span> <span class='ocrx_word' id='word_1_550' title='bbox 1297 5100 1460 5149; x_wconf 71' lang='lat' dir='ltr'>mavis</span> <span class='ocrx_word' id='word_1_551' title='bbox 1497 5098 1601 5148; x_wconf 79' lang='lat' dir='ltr'>‘sed</span> <span class='ocrx_word' id='word_1_552' title='bbox 1641 5114 1772 5148; x_wconf 83' lang='lat' dir='ltr'>nunc</span> <span class='ocrx_word' id='word_1_553' title='bbox 1810 5098 2042 5149; x_wconf 82' lang='lat' dir='ltr'>excludit</span> <span class='ocrx_word' id='word_1_554' title='bbox 2079 5098 2349 5149; x_wconf 78' lang='lat' dir='ltr'>amantem&#39;</span> <span class='ocrx_word' id='word_1_555' title='bbox 2385 5098 2467 5149; x_wconf 86' lang='lat' dir='ltr'>vel</span> <span class='ocrx_word' id='word_1_556' title='bbox 2505 5098 2697 5164; x_wconf 72' lang='lat' dir='ltr'>aliquid</span> <span class='ocrx_word' id='word_1_557' title='bbox 2734 5098 2856 5148; x_wconf 77' lang='lat' dir='ltr'>tale.</span> 
     </span>
    </p>
   </div>
   <div class='ocr_carea' id='block_1_7' title="bbox 4644 2537 4647 3363">
    <p class='ocr_par' dir='ltr' id='par_1_13' title="bbox 4644 2537 4647 3363">
     <span class='ocr_line' id='line_1_46' title="bbox 4644 2537 4647 3363; baseline 0 0"><span class='ocrx_word' id='word_1_558' title='bbox 4644 2537 4647 3363; x_wconf 95' lang='lat' dir='ltr'> </span> 
     </span>
    </p>
   </div>
  </div>
 </body>
</html>
