4709 5675
2037 336 2463 398 „11-

829 518 1042 590 1256.
1131 515 1480 597 Magnopere
1537 514 1722 577 laetor
1768 516 1924 595 quod
1983 516 2144 576 bunc
2187 514 2380 576 locum
2428 513 2626 593 attigi,
2683 531 2819 574 nani
2868 531 3016 593 quae
3063 533 3156 574 me
3200 513 3704 592 reprehendentes
3750 513 3838 575 Cr.
3891 525 3951 576 et

495 625 852 698 'Rothstein
897 633 1304 694 disseruerunt
1349 628 1420 692 ad
1454 647 1690 691 versum
1736 636 1895 690 recte
1940 626 2453 708 interpretandum
2506 625 2811 688 utilissima
2858 635 3029 699 sunt;
3076 643 3433 706 quamquam
3481 626 3773 688 sublatam
3819 645 3949 688 esse

545 748 616 809 ab
663 747 732 809 iis
775 743 1278 825 interpretationis
1328 741 1731 804 difficultatem
1778 759 1946 820 nege.
2023 741 2335 802 Videamus
2383 739 2631 818 singula.
2721 741 2802 800 Ac
2846 739 3107 818 primum
3153 739 3391 819 quidem
3438 739 3767 803 rectissime
3812 739 3951 801 dicit

547 860 640 922 Cr.
685 860 803 940 (pg.
836 857 1016 938 360):
1089 857 1212 917 ²Die
1258 855 1664 936 Behauptung,
1726 853 1854 915 dass
1900 871 2038 915 man
2085 858 2238 915 circa
2279 862 2384 916 stet
2428 899 2443 912 .
2478 899 2492 912 .
2526 899 2541 913 .
2588 871 2775 915 senem
2822 869 2940 913 nur
2984 855 3089 914 aut·
3125 852 3287 912 eine
3330 851 3623 913 Situation
3672 851 3953 914 bezieben

547 973 767 1044 kenne,
836 974 944 1032 aut¹
985 970 1080 1030 die
1129 968 1329 1029 Sohne
1371 985 1464 1029 am
1515 966 1886 1034 Sterbebett‚
1955 967 2032 1028 ist
2077 965 2228 1028 eben
2277 967 2409 1028 eine
2456 966 2872 1046 Behauptung‚
2944 965 3111 1026 nicht
3157 965 3361 1026 mehr'.
3450 965 3771 1044 Subiungit
3814 985 3951 1027 vero

543 1086 710 1147 haec:
781 1085 918 1144 ‘Der
962 1099 1150 1160 ganze
1195 1080 1704 1159 Zusammenbang
1749 1079 1918 1140 ffihrt
1955 1079 2016 1158 ja
2063 1078 2168 1140 auf
2207 1079 2302 1140 die
2349 1077 2915 1156 Geburtstagsfeierz
2976 1096 3047 1138 an
3097 1079 3190 1140 die
3237 1096 3307 1138 an
3355 1078 3576 1140 diesem
3625 1079 3953 1157 Ehrentage

541 1216 644 1260 um
691 1197 796 1258 das
828 1193 1305 1272 Familienhaupt
1349 1192 1758 1254 versammelte
1803 1191 2443 1253 Nachkommeuschat't
2486 1192 2588 1253 bat
2633 1189 2756 1252 net.
2802 1200 2947 1252 stets
2992 1190 3265 1269 gedacht:
3318 1191 3435 1251 und
3484 1210 3604 1252 was
3650 1191 3787 1253 lasst
3828 1191 3953 1252 sich

542 1313 803 1388 dagegen
865 1301 1315 1368 einwendenT'-
1371 1305 1644 1366 Concedo
1704 1303 1777 1366 de
1817 1303 2064 1365 Messala
2123 1323 2266 1366 sene
2325 1304 2420 1366 die
2479 1304 2655 1366 natali
2720 1303 2779 1364 in
2822 1303 2961 1365 sella
3009 1304 3259 1365 sedente
3278 1304 3324 1378 1)
3374 1312 3434 1364 et
3476 1323 3507 1365 a
3554 1305 3717 1384 prole
3761 1313 3955 1365 stante

544 1419 910 1484 circumdato
977 1418 1230 1497 cogitare
1295 1435 1418 1478 non
1487 1418 1684 1479 miuus
1751 1417 1930 1478 licere
1997 1435 2175 1496 quam
2243 1417 2316 1478 de
2361 1415 2600 1478 Messala
2668 1416 2732 1477 in
2790 1417 2943 1478 lecto
2998 1415 3229 1479 iacente
3282 1423 3341 1476 et
3398 1434 3746 1496 supremum
3796 1417 3950 1478 diem

547 1534 839 1604 obeunte;
883 1531 986 1592 sed
1035 1530 1191 1612 quod
1238 1529 1549 1592 sententiis
1595 1528 2054 1591 cohaerentibus
2097 1530 2222 1608 cogi
2256 1547 2378 1616 nos·
2397 1537 2565 1608 putat
2595 1528 2688 1590 Cr.
2726 1536 2790 1590 ut
2821 1528 2996 1590 verba
3028 1529 3099 1590 ad
3131 1525 3285 1590 diem
3320 1530 3573 1590 natalem
3608 1533 3955 1598 reseramus,

553 1663 662 1723 ego
709 1663 818 1725 qua
864 1661 927 1706 re
971 1644 1040 1704 ad
1088 1643 1244 1704 diem
1289 1643 1541 1704 natalem
1588 1641 1765 1704 verba
1811 1641 2114 1722 pertinere
2159 1641 2455 1704 indicetur
2502 1659 2626 1703 non
2670 1641 2983 1721 perspicio.
3052 1640 3143 1703 Me
3173 1641 3435 1722 quidem,
3480 1643 3749 1720 quamvis
3780 1660 3957 1722 saepe

552 1756 847 1820 Tibullum
907 1756 1178 1836 legerim,
1239 1773 1546 1836 nunquam
1610 1757 1679 1816 ad
1727 1774 1856 1818 eam
1903 1755 2455 1834 interpretationem
2505 1753 3047 1831 antecedentium²)
3094 1754 3527 1816 sententiarum
3572 1755 3801 1816 ratione
3846 1755 3955 1816 de—

555 1871 792 1933 ductum
852 1889 983 1932 esse
1043 1869 1168 1931 scio
1227 1876 1422 1948 neque
1470 1887 1732 1947 unquam
1781 1886 1876 1930 me
1920 1869 2113 1948 ipsum
2161 1869 2232 1928 ad
2279 1886 2407 1929 eam
2456 1867 2835 1947 delapsurum
2883 1867 3061 1928 fuisse
3106 1868 3305 1929 credo.
3397 1866 3629 1929 Etenim
3678 1867 3958 1929 vocabulo

553 1982 646 2044 ‘et'
689 1981 1138 2061 coniunguntur
1181 1981 1511 2042 sententiae
1557 1981 1776 2061 ‘proles
1837 1981 1989 2042 facta
2050 1981 2313 2060 parentis
2360 1979 2584 2060 augeat’
2630 1990 2690 2042 et
2732 1980 2949 2059 ‘proles
2993 1980 3320 2041 veneranda
3366 1980 3513 2041 circa
3562 1999 3761 2042 senem
3808 1979 3957 2054 stet'‚

547 2113 795 2174 quarum
836 2095 1092 2175 priorem
1137 2094 1437 2174 pertinere
1482 2094 1554 2154 ad
1597 2092 1656 2154 id
1700 2094 1858 2172 quod
1902 2092 2128 2173 prolem
2170 2093 2265 2155 die
2305 2093 2481 2155 natali
2512 2093 2695 2172 patris
2726 2092 3012 2153 facturam
3047 2110 3176 2153 esse
3205 2099 3377 2172 poeta
3408 2102 3608 2172 sperat
3636 2111 3759 2154 non
3791 2091 3958 2154 facile

546 2209 860 2288 quisquam
909 2207 1140 2268 dixerit.
1201 2205 1324 2268 lam
1371 2224 1506 2268 cum
1539 2205 1694 2268 absit
1724 2206 1966 2268 alterius
1999 2205 2282 2286 temporis
2312 2205 2680 2284 significatio,
2727 2204 3043 2284 posterior,
3091 2223 3265 2284 quam
3298 2205 3372 2266 ad
3402 2213 3629 2266 certum
3663 2205 3955 2285 quoddam

547 2337 616 2381 ac
661 2319 966 2382 definitum
1015 2330 1254 2398 tempus
1299 2329 1568 2400 spectare
1612 2329 1672 2379 et
1716 2318 1809 2380 Cr.
1857 2326 1917 2379 et
1960 2337 2067 2396 ego
2113 2329 2200 2391 et,
2261 2318 2379 2379 nisi
2424 2318 2623 2390 fallor,
2668 2335 2877 2378 omnes
2921 2317 3140 2378 Tibulli
3181 2317 3537 2398 interpretes
3583 2318 3959 2388 arbitramur,

549 2432 623 2495 ab
671 2451 741 2492 eo
789 2432 888 2511 qui
933 2431 1193 2512 priorem
1244 2441 1446 2493 mente
1489 2441 1840 2511 conceperat
1885 2431 2050 2492 nullo
2081 2431 2371 2511 temporis
2402 2430 2676 2492 adverbio
2708 2430 3055 2510 interposito
3086 2431 3359 2492 adiuncta
3394 2450 3521 2492 esse
3553 2450 3686 2492 meo
3719 2431 3955 2511 quidem

551 2543 774 2606 iudicio
823 2563 944 2606 non
991 2553 1203 2626 potest.
1273 2543 1496 2606 Deinde
1543 2553 1609 2606 ut
1651 2551 1818 2624 patre
1863 2543 1990 2605 vivo
2035 2543 2222 2622 patris
2267 2547 2417 2605 facta
2462 2542 2737 2623 augeat⁸)
2782 2544 2998 2623 proleS,
3048 2543 3158 2604 nisi
3204 2542 3357 2604 forte
3402 2562 3601 2605 senem
3647 2552 3835 2605 aetate
3880 2544 3959 2605 ita

554 2656 890 2719 confectum
949 2657 1232 2737 fingimus
1292 2665 1362 2718 ut
1402 2657 1530 2738 ipse
1586 2657 1732 2717 nibil
1778 2656 1891 2718 iam
1936 2658 2130 2717 facere
2175 2657 2398 2736 possit,
2463 2675 2668 2737 parum
2717 2665 2851 2736 apte
2896 2656 3085 2737 optari
3133 2657 3273 2717 mihi
3321 2657 3569 2719 videtur.
3658 2659 3747 2718 An
3795 2657 3957 2737 quis-

555 2765 732 2850 qua'm
794 2769 958 2853 prius
1004 2780 1209 2832 votum
1271 2771 1340 2831 ad
1404 2779 1632 2850 patrem
1687 2776 2024 2844 mortuum,
2083 2769 2379 2850 posterius
2422 2769 2491 2830 ad
2541 2768 2735 2829 vivum
2785 2787 2915 2830 esse
2960 2769 3335 2830 referendum
3382 2769 3489 2830 sibi
3538 2766 3964 2849 persuadebit?

555 2883 705 2945 Tum
754 2883 846 2945 Cr.
905 2902 1040 2945 cum
1091 2884 1262 2944 verba
1309 2884 1618 2945 vernaculo
1675 2900 1956 2944 sermone
2009 2882 2095 2943 sic
2147 2882 2380 2944 reddat:
2460 2886 2649 2960 ‘moge
2706 2882 2881 2943 deine
2926 2882 3564 2944 Nacbkommenschal't
3608 2884 3731 2945 sich
3780 2884 3965 2945 hoch-

555 2994 890 3075 angesehen
935 2996 998 3055 in
1042 2994 1276 3057 deinem
1324 2996 1486 3057 Alter
1533 3014 1630 3055 um
1678 2995 1809 3056 dicb
1857 2993 2149 3068 scharen',
2209 2994 2405 3056 denuo
2466 3012 2672 3074 parum
2722 2994 2980 3075 respexit
3024 2995 3178 3075 quod
3226 2996 3507 3076 scriptum
3557 3005 3650 3057 est
3693 3000 3771 3056 ‘te
3814 2997 3966 3057 circa

555 3107 750 3169 stet’.
839 3107 1080 3171 Accedit
1123 3108 1280 3187 quod
1329 3126 1439 3169 suo
1485 3107 1614 3169 iure
1657 3116 1903 3188 quaerat
1946 3107 2100 3188 quis,
2159 3126 2383 3180 nonne,
2445 3125 2596 3187 quae
2641 3115 2783 3168 sunt
2828 3106 3023 3181 verba,
3068 3114 3305 3188 optasse
3352 3108 3619 3171 videatur
3665 3117 3854 3188 poeta,
3901 3118 3969 3170 ut

559 3238 762 3281 senem
811 3219 1050 3282 demum
1098 3221 1297 3300 proles
1343 3221 1675 3281 veneranda
1721 3220 1872 3282 circa
1918 3228 2119 3293 staret,
2165 3220 2334 3300 quasi
2380 3219 2709 3299 optandum
2758 3236 2879 3280 non
2927 3229 3099 3293 esset,
3146 3230 3211 3282 ut
3243 3220 3417 3281 etiam
3452 3230 3769 3302 antequam
3804 3231 3968 3302 pater

558 3334 628 3394 ad
676 3342 1046 3395 senectutem
1093 3334 1462 3413 pervenisset
1507 3333 1699 3413 proles
1744 3332 1938 3393 bonae
1981 3332 2141 3412 frugi
2187 3343 2246 3394 et
2291 3332 2751 3393 honoratissima
2798 3341 2951 3393 esset
2996 3341 3053 3393 et
3099 3333 3192 3393 die
3224 3334 3397 3395 natali
3428 3335 3781 3414 gratulatum
3815 3335 3967 3396 circa

559 3453 789 3527 patrem
836 3444 1198 3507 conveniret.
1265 3444 1407 3507 Mihi
1451 3444 1692 3525 quidem
1741 3464 1890 3525 quae
1935 3445 2146 3507 tradita
2191 3454 2336 3507 sunt
2381 3446 2542 3506 hunc
2585 3464 2825 3507 sensum
2862 3446 3137 3508 videntur
3179 3447 3487 3526 praebere:
3532 3456 3849 3528 antequam
3897 3448 3965 3509 ad

557 3566 932 3621 senectutem
986 3558 1326 3639 pervenerit
1369 3557 1636 3633 Messala,
1697 3559 1892 3637 proles
1955 3558 2215 3639 parentis
2267 3561 2419 3619 facta
2471 3566 2711 3637 augeat;
2771 3576 2905 3619 cum
2961 3577 3142 3620 senex
3198 3559 3389 3621 factus
3435 3559 3571 3629 erit,
3634 3560 3786 3621 circa
3832 3578 3965 3621 eum

557 3682 724 3733 stans
783 3681 1151 3751 permaneat.
1241 3672 1556 3733 Postremo
1615 3672 1774 3752 quod
1827 3690 1939 3733 vox
1997 3671 2367 3733 ‘veneranda’
2424 3673 2539 3732 hoc
2592 3673 2717 3733 loco
2776 3681 3059 3751 usurpata
3120 3672 3365 3753 praebet
3424 3672 3727 3751 negotium
3790 3673 3848 3733 id
3894 3690 3969 3733 ne

558 3783 876 3846 Rothstein
923 3784 1166 3863 quidem
1213 3784 1358 3845 satis
1403 3784 1716 3864 expedivit.
1784 3782 1896 3856 Qui
1947 3784 2112 3845 dicit:
2163 3784 2287 3845 ‘Die
2333 3784 2533 3847 Sohne
2581 3784 2735 3845 kann
2778 3784 2903 3845 sich
2934 3783 3130 3845 Tibull
3174 3784 3314 3846 sehr
3358 3785 3509 3847 wohl
3556 3785 3742 3846 selbst
3784 3785 3967 3845 schon

561 3897 646 3956 als
689 3896 1010 3957 venerandi
1049 3895 1284 3957 denken
1304 3898 1372 3973 ⁴),
1420 3896 1560 3957 aber
1606 3896 1864 3957 meinem
1902 3896 2252 3977 Empfinden
2301 3896 2501 3957 wfirde
2548 3915 2610 3957 es
2660 3896 2828 3956 mehr
2874 3913 3145 3974 zusagen,
3190 3897 3322 3958 hier
3365 3906 3543 3958 unter
3578 3896 3773 3977 proles
3802 3915 3970 3959 verte-

561 4008 754 4070 randa
797 4007 1094 4071 Messallae
1141 4010 1272 4069 eine
1319 4008 1962 4071 Nachkommenschaft
2007 4028 2080 4069 zu
2125 4008 2460 4082 verstehen,
2523 4008 2616 4069 die
2660 4008 2862 4071 Anlass
2910 4009 3055 4071 dazu
3101 4010 3303 4084 bietet,
3350 4009 3613 4071 Messalla
3660 4010 3843 4071 selbst
3886 4010 3972 4071 als

565 4120 741 4182 einen
788 4121 934 4182 fiber
979 4121 1082 4182 das
1128 4120 1534 4200 gewohnlicbe
1580 4122 1976 4183 menschlicbe
2019 4121 2166 4184 Mass
2213 4120 2766 4201 emporgebobenen
2816 4122 2989 4185 Manu
3043 4124 3407 4197 anzusehen3
3468 4124 3793 4203 spraehlich
3840 4123 3970 4184 sind

570 4231 742 4293 beide
786 4234 1222 4313 Auffassungen
1268 4232 1559 4312 zulassig'.
1618 4233 1730 4295 Sed
1779 4234 1930 4295 banc
1962 4235 2117 4297 vocis
2161 4234 2713 4313 interpretationem
2758 4235 2855 4296 ille
2902 4236 3183 4315 exemplis
3230 4254 3345 4297 non
3394 4236 3818 4315 comprobavit,
3867 4253 3973 4314 ego

566 4345 753 4406 timeo
798 4354 864 4407 ut
907 4346 1099 4426 possit
1145 4345 1532 4427 comprobari.
1622 4345 1786 4419 Quae
1831 4365 1967 4408 cum
2013 4348 2091 4411 ita
2141 4346 2288 4419 sint,
2349 4346 2415 4406 in
2460 4366 2525 4408 ea
2574 4347 2871 4408 sententia
2918 4367 3097 4428 quam
3158 4348 3220 4409 in
3267 4347 3703 4427 prolegomenis
3748 4348 3820 4408 de
3866 4347 3977 4408 hoc

568 4474 744 4519 versu
791 4459 1012 4537 protuli
1057 4458 1249 4521 adbuc
1293 4459 1791 4539 perseverandum
1841 4478 1972 4521 esse
2018 4475 2251 4521 censeo.

849 4632 893 4695 ¹)
948 4630 1217 4683 Rothstein
1252 4632 1384 4684 dicit
1417 4634 1722 4701 (pg.1318):
1761 4634 1994 4685 ‘Warum
2031 4631 2132 4683 soll
2169 4633 2260 4682 der
2289 4630 2459 4694 Greia,
2496 4632 2588 4683 den
2628 4632 2710 4683 die
2742 4632 2909 4699 proles
2945 4632 3230 4685 veneranda
3263 4634 3473 4684 stehcnd
3510 4633 3755 4697 umringt,
3790 4633 3975 4696 get-ade

565 4717 736 4781 liegen
773 4718 874 4767 und
909 4717 1004 4770 auf
1035 4719 1142 4771 dem
1167 4719 1464 4771 Sterbebett
1497 4720 1700 4785 liegen?
1739 4720 1809 4770 Er
1845 4722 1976 4771 kann
2016 4720 2143 4769 doch
2180 4721 2304 4769 aucb
2343 4720 2529 4783 sitzen,
2565 4719 2662 4769 und
2702 4718 2791 4770 das
2826 4720 2968 4783 gicht
3003 4721 3083 4770 ein
3121 4722 3334 4772 schdnes
3361 4719 3487 4783 Bild,
3525 4720 3613 4771 das
3649 4720 3739 4771 der
3766 4719 3977 4769 Dichter

565 4805 760 4855 seinem
797 4804 1006 4857 Giiuuer
1043 4806 1175 4856 wohl
1217 4804 1494 4857 vorfdhren
1534 4804 1735 4857 durste'.

852 4890 900 4955 ¹)
956 4894 999 4943 A
1035 4892 1100 4943 63
1137 4892 1336 4943 demum
1372 4908 1526 4943 versu
1565 4900 1714 4959 poeta
1747 4892 1810 4944 ed
1847 4892 1978 4943 diem
2017 4892 2254 4955 natalem,
2289 4907 2318 4940 a
2357 4904 2451 4957 quo
2490 4906 2707 4941 exorsus
2744 4898 2841 4955 est,
2881 4892 3133 4956 particula
3168 4895 3223 4941 at
3260 4905 3379 4940 usus
3418 4891 3718 4941 revertitur.

852 4979 892 5039 ⁸)
948 4994 1008 5029 eo
1056 4994 1208 5029 sensu
1260 4994 1402 5045 quen
1449 4980 1635 5029 statuit
1671 4979 1754 5029 Cr.
1793 4994 1904 5029 cum
1940 4978 2100 5029 dicat:
2155 4978 2319 5040 ‘Mage
2368 4977 2515 5028 deine
2548 4974 3093 5027 Nncbkommenschnft
3130 4977 3275 5026 deine
3316 4976 3621 5039 Leistungen
3660 4974 3977 5027 fortfiibren’.

567 5060 888 5114 eonferenda
923 5071 1090 5114 tamen
1129 5072 1248 5115 sunt
1283 5081 1411 5131 quae
1451 5066 1511 5114 de
1548 5064 1764 5128 augendi
1805 5081 1931 5117 voce
1968 5066 2077 5116 dixi
2117 5066 2246 5132 prol.
2291 5079 2369 5129 pg.
2397 5064 2477 5113 34.

854 5152 900 5213 ⁴)
956 5149 1032 5202 Cf.
1071 5152 1202 5217 prol.
1242 5168 1318 5217 pg.
1349 5154 1430 5202 35.

3484 5234 3552 5287 2*
