4709 5675
2320 308 2757 374 -8-

827 492 938 555 hoc
982 492 1111 553 loco
1157 488 1394 551 defendi
1441 496 1652 569 potest.
1725 486 1868 547 Nam
1917 486 2051 549 talis
2099 486 2256 549 verbi
2303 485 2609 550 translatio
2656 484 2971 566 probabilis
3018 492 3197 557 esset,
3244 484 3289 547 si
3336 484 3501 545 locus
3550 482 3787 563 quidam
3834 483 4074 547 clausus
4118 486 4241 551 sive

822 614 1060 685 saeptus
1107 602 1418 682 excogitari
1467 614 1670 681 posset
1713 620 1831 681 quo
1877 620 2026 681 aqua
2071 600 2485 663 admitteretur
2530 600 2601 660 ab
2646 618 2781 661 arcu
2828 609 3109 678 tanquam
3157 616 3187 657 a
3232 597 3446 659 domus
3494 596 3763 669 ostiario3
3812 595 3907 659 bic
3951 618 4023 659 eo
4058 600 4242 678 magis

823 717 1006 779 aliena
1057 726 1164 785 est,
1227 716 1385 796 quod
1433 714 1701 776 imbrifer
1745 732 1916 775 arcus
1962 732 2174 793 aquam
2221 713 2473 791 pluviam
2520 711 2695 781 ferre,
2758 728 2875 772 non
2925 710 3236 773 admittere
3284 710 3515 771 dicitur.
3604 709 3727 771 lam
3778 728 3917 772 vero
3963 712 4093 773 eius
4140 714 4242 793 qui

821 829 892 891 ad
953 839 1182 909 portam
1244 810 1335 889 est
1392 828 1577 888 instat
1631 827 1944 899 introitus;
2013 826 2062 887 is
2122 835 2318 887 autem
2382 824 2552 887 cuius
2604 826 2890 886 adventus
2935 823 3115 885 instat
3162 823 3429 885 nondum
3476 831 3567 883 est
3609 820 3680 883 ad
3731 832 3994 901 portam,
4058 835 4124 887 ut
4168 846 4243 889 ne

823 942 1014 1021 possit
1058 940 1294 1015 quidem
1341 938 1596 1001 admitti.

1110 1053 1227 1123 15,
1261 1052 1361 1113 33.
1452 1051 1538 1113 Ab
1582 1051 1654 1111 iis
1700 1069 1848 1130 quae
1893 1049 1964 1111 de
2011 1050 2125 1110 hoc
2169 1067 2341 1111 versu
2397 1050 2637 1129 exposui
2684 1048 2861 1129 plane
2907 1047 3265 1111 dissentiunt
3310 1046 3628 1109 Rothstein
3676 1056 3736 1109 et
3780 1046 4040 1125 Magnus.
4134 1049 4240 1111 llic

829 1185 924 1227 me
969 1166 1158 1246 ipsum
1206 1164 1265 1225 in
1313 1183 1405 1244 pg.
1440 1161 1690 1227 22—23
1749 1162 1892 1225 satis
1959 1180 2226 1240 magnam
2287 1160 2596 1223 materiem
2658 1161 2728 1221 ad
2780 1178 2979 1223 vocem
3037 1158 3355 1221 venerandi
3417 1160 3851 1221 defendendam
3912 1160 4239 1221 contulisse

825 1278 995 1351 dicit3
1054 1278 1157 1340 sed
1217 1296 1354 1339 cum
1411 1275 1610 1339 nescio
1671 1294 1788 1355 quo
1849 1282 2020 1355 pacto
2075 1273 2376 1335 omisisset
2435 1273 2711 1354 prodere,
2772 1273 2871 1354 qui
2926 1272 3034 1334 loci
3096 1292 3127 1333 a
3188 1290 3280 1333 me
3338 1270 3551 1335 auxilio
3604 1271 3871 1333 arcessiti
3928 1291 4059 1335 cum
4108 1292 4237 1335 mea

825 1390 986 1453 verbi
1046 1389 1532 1471 interpretatione
1589 1406 1856 1469 pugnare
1909 1386 2276 1460 viderentur,
2339 1405 2448 1465 ego
2503 1387 2721 1449 frustra
2779 1385 3059 1466 quaesivi.
3147 1384 3233 1447 Ex
3290 1384 3362 1447 iis
3416 1394 3611 1447 autem
3674 1386 4035 1465 argumentis
4088 1405 4237 1467 quae

827 1504 1140 1566 Rothstein
1207 1502 1454 1583 protulit
1520 1504 1638 1583 (pg.
1683 1498 1843 1562 13¹5
1872 1500 1986 1579 sq.)
2049 1499 2463 1577 gravissimum
2546 1507 2639 1561 est
2704 1498 2843 1559 hoc:
2942 1497 3201 1571 ‘Davon’,
3277 1498 3500 1577 inquit,
3575 1498 3742 1558 ‘wird
3812 1516 3950 1563 man
4018 1498 4236 1561 freilich

828 1617 1058 1678 meiner
1113 1615 1360 1678 Ansicht
1427 1614 1578 1675 nach
1645 1612 1938 1691 ausgehen
2011 1616 2284 1679 missen,
2359 1610 2491 1673 dass
2572 1611 2729 1673 diese
2776 1610 2979 1672 Worte
3036 1610 3118 1688 [et
3176 1620 3409 1675 tantum
3472 1621 3745 1673 venerata
3807 1614 4021 1691 virum]
4082 1612 4246 1675 nicht

829 1729 960 1790 eine
1019 1727 1360 1807 allgemeine
1422 1726 1818 1805 Begriindung
1879 1725 1984 1787 des
2043 1724 2279 1786 Ganzen
2341 1722 2531 1803 geben
2592 1723 2809 1794 sollen,
2879 1723 3141 1784 sondern
3211 1724 3344 1786 eine
3411 1723 3669 1785 einzelne
3726 1724 4073 1803 Handlung,
4152 1724 4247 1786 die

830 1842 1198 1921 Begrfil'sung
1269 1841 1372 1902 des
1432 1840 1792 1901 vornehmen
1853 1837 2058 1899 Gastes
2128 1835 2314 1899 durch
2375 1836 2467 1897 die
2526 1834 2917 1909 Hauswirtin‚
2996 1834 3119 1896 klar
3176 1835 3295 1897 und
3360 1835 3661 1899 bestimmt
3722 1836 4101 1898 bezeichnen.
4164 1872 4245 1881 --

833 1954 1023 2016 Wenn
1089 1954 1194 2014 der
1246 1952 1401 2014 Vert'.
1465 1951 1808 2032 behauptet,
1885 1951 2014 2011 dats
2087 1950 2187 2010 das
2241 1949 2411 2010 Wort
2476 1951 2751 2009 venerari
2815 1948 2973 2010 ohne
3032 1947 3449 2011 ablativischen
3508 1948 3715 2011 Zusatz
3788 1948 3902 2011 den
3966 1948 4078 2009 Akt
4138 1950 4248 2011 der

832 2066 1204 2145 Begrt'issung
1275 2065 1433 2126 nicht
1505 2063 1862 2127 bezeichnen
1937 2062 2126 2133 kann,
2200 2080 2268 2123 so
2340 2059 2643 2139 widerlegt
2710 2061 2814 2121 ibn
2888 2060 2983 2122 die
3050 2078 3163 2121 von
3222 2060 3345 2121 ihm
3406 2061 3589 2124 selbst
3652 2061 3999 2140 anget'slhrte
4060 2060 4243 2121 Stelle

830 2180 964 2241 Tac.
1015 2177 1150 2239 dial.
1209 2178 1278 2241 13
1349 2177 1504 2237 ohne
1565 2174 1849 2237 weiteres.
1910 2210 1985 2217 —-
2053 2174 2156 2237 Die
2226 2172 2676 2252 tiberwiegende
2736 2172 3029 2235 Mehrzahl
3103 2174 3208 2233 der
3264 2190 3376 2233 von
3437 2172 3560 2235 ihm
3625 2174 4047 2252 gesammelten
4110 2172 4241 2235 Bei—

830 2291 1016 2372 spiele
1061 2290 1292 2353 kommt
1349 2289 1445 2351 fiir
1487 2304 1704 2349 unsere
1751 2287 1932 2349 Stelle
1989 2303 2094 2365 gar
2139 2285 2302 2349 nicht
2347 2286 2406 2347 in
2455 2286 2752 2356 Betracht,
2814 2284 2940 2347 weil
2986 2284 3083 2347 die
3128 2283 3341 2347 beiden
3387 2285 3813 2365 Bedeutungen
3866 2285 3971 2347 des
4014 2285 4242 2346 Wortes

830 2402 1172 2467 ‘Ehrt'urcbt
1215 2420 1318 2463 vor
1357 2400 1699 2481 jemandem
1745 2398 2104 2480 emptinden’
2155 2399 2274 2460 und
2321 2398 2655 2477 ‘jemanden
2704 2396 3155 2459 ehrt'urchtsvoll
3203 2394 3536 2475 begrussen'
3580 2406 3783 2476 strong
3815 2416 3931 2458 von
3958 2397 4242 2461 einander

832 2516 1180 2595 geschieden
1227 2514 1464 2577 werden
1514 2518 1754 2575 miissen
1801 2516 1926 2575 und
1975 2530 2087 2573 nur
2129 2511 2226 2572 die
2271 2510 2478 2589 Belege
2522 2509 2617 2571 fur
2662 2510 2755 2571 die
2800 2510 3005 2571 zweite
3053 2509 3401 2586 Bedeutung
3460 2510 3589 2571 hier
3632 2510 3693 2571 in
3738 2510 3923 2588 Frage
3968 2510 4245 2571 kommen

837 2627 1111 2693 konnen’.
1201 2628 1286 2689 Ad
1329 2626 1476 2687 haec
1517 2626 1659 2707 quid
1703 2625 2112 2705 respondeam,
2161 2640 2282 2685 non
2329 2622 2510 2685 nimis
2554 2621 2777 2683 laboro.
2864 2620 3104 2683 Etenim
3148 2622 3205 2682 id
3252 2621 3365 2699 egi,
3420 2627 3487 2681 ut
3532 2622 3871 2682 universam
3919 2622 4085 2683 verbi
4131 2622 4249 2683 vim

836 2758 1214 2822 exponerem,
1275 2758 1392 2820 quo
1452 2739 1672 2801 rectius
1717 2738 1790 2799 de
1833 2738 1919 2799 eis
1964 2736 2109 2799 locis
2156 2734 2374 2816 quibus
2420 2734 2695 2800 similiter
2736 2744 2915 2813 atque
2959 2734 3021 2795 in
3070 2736 3183 2795 boc
3225 2749 3401 2793 versu
3444 2740 3795 2810 usurpatum
3842 2731 4077 2793 videtur
4120 2750 4251 2807 esse

837 2855 1084 2917 iudicari
1127 2863 1352 2934 possen
1412 2870 1606 2932 neque
1649 2851 1850 2920 timeo,
1906 2868 1980 2911 ne
2027 2849 2292 2929 exempla
2339 2847 2621 2928 colligens
2668 2847 2862 2909 oleum
2908 2856 3085 2926 atque
3130 2864 3369 2926 operam
3417 2844 3793 2925 perdiderim.
3884 2844 4041 2906 Satis
4086 2844 4245 2906 enim

840 2967 1156 3030 manifesto
1201 2985 1271 3028 ex
1317 2965 1411 3028 illa
1457 2964 1802 3028 collectione
1847 2961 2094 3042 perspici
2143 2971 2310 3041 puto.
2358 2960 2720 3040 ubicumque
2763 2959 2901 3020 illud
2934 2958 3182 3020 verbum
3230 2968 3580 3038 usurpatum
3612 2958 3708 3030 sit,
3754 2955 4083 3038 principem
4124 2955 4249 3018 eius

837 3081 952 3144 vim
999 3081 1076 3142 ita
1122 3079 1388 3147 subesse,
1435 3085 1498 3138 ut
1542 3097 1575 3138 a
1606 3075 1828 3138 Latinis
1875 3074 2124 3154 ingeniis
2172 3091 2300 3136 eam
2336 3091 2569 3134 sensam
2614 3091 2743 3134 esse
2776 3073 3018 3134 credere
3051 3070 3394 3144 debeamus,
3427 3087 3620 3150 neque
3652 3088 3913 3150 unquam
3946 3070 4247 3132 notionem

838 3211 974 3255 cum
1022 3192 1354 3256 reverentia
1401 3189 1696 3252 salutandi
1744 3189 1870 3269 ipso
1915 3207 1984 3250 ac
2025 3187 2152 3248 solo
2190 3186 2369 3248 verbo
2418 3186 2734 3264 significari
2780 3203 2979 3266 neque
3026 3193 3143 3245 tam
3192 3183 3418 3244 diversa
3469 3203 3602 3246 esse
3650 3182 3972 3263 usurpandi
4018 3200 4251 3261 genera,

843 3315 907 3368 ut
949 3304 1200 3368 alterum
1249 3303 1322 3366 ab
1367 3303 1551 3366 altero
1597 3301 1826 3380 seiungi
1871 3310 2051 3380 atque
2095 3299 2357 3379 separari
2409 3309 2692 3378 oporteat.
2769 3296 2937 3370 Quod
2986 3315 3122 3359 vero
3168 3297 3484 3360 Rotbstein
3532 3295 3711 3357 verbo
3758 3295 4077 3358 venerandi
4120 3295 4251 3374 ipso

837 3417 1254 3480 salutationem
1302 3414 1552 3476 ablativo
1599 3431 1718 3474 non
1766 3412 2046 3475 adiuncto
2091 3411 2407 3490 significari
2454 3429 2489 3472 e
2534 3411 2666 3472 dial.
2708 3430 2757 3470 c.
2799 3409 2870 3470 ¹3
2918 3410 3065 3471 effici
3111 3418 3301 3489 putat,
3368 3409 3567 3472 miror.
3658 3407 3804 3470 Nam
3854 3427 3989 3470 cum
4038 3407 4253 3470 dieitur

842 3530 1118 3610 ‘populus
1161 3528 1420 3592 surrexit
1465 3526 1780 3588 universus
1826 3535 1886 3586 et
1931 3525 2088 3586 forte
2131 3534 2506 3604 praesentem
2558 3530 2869 3584 veneratus
2914 3531 3003 3582 est
3046 3521 3133 3582 sic
3176 3521 3345 3600 quasi
3376 3520 3744 3599 Augustum',
3790 3522 4047 3600 primum
4095 3520 4252 3581 salu-

841 3643 984 3706 tatio
1027 3643 1151 3722 ipsa
1197 3641 1258 3704 in
1306 3641 1485 3702 verbo
1533 3635 1822 3702 ‘surrexit’
1869 3638 2052 3706 inest,
2114 3635 2328 3698 deinde
2377 3654 2577 3698 vocem
2626 3633 2939 3698 venerandi
3000 3634 3095 3696 hic
3148 3635 3492 3698 translatam
3540 3653 3673 3698 esse
3718 3633 4001 3698 vocabulo
4048 3631 4255 3714 ‘quasi'

842 3756 1236 3834 significatur,
1301 3763 1428 3815 tum
1499 3772 1531 3814 e
1597 3748 2027 3812 sententiarum
2097 3748 2521 3810 coniunctione
2586 3747 2871 3826 populum
2940 3747 3242 3825 surgendo
3310 3747 3581 3809 venerari
3654 3747 3807 3810 ultro
3875 3745 4255 3823 intellegitur.

843 3869 1192 3930 Simillimus
1238 3877 1329 3930 est
1371 3865 1538 3926 locus
1581 3882 1762 3944 quem
1808 3879 1998 3941 nuper
2043 3861 2241 3924 inveni
2285 3860 2438 3940 apud
2486 3860 2781 3922 Valerium
2828 3857 3144 3920 Maximum
3193 3859 3261 3919 [v
3296 3861 3361 3920 5:
3416 3858 3685 3920 ‘Athenis
3732 3859 3967 3938 quidam
4016 3855 4260 3920 ultimae

844 3980 1168 4044 senectutis
1229 3997 1361 4040 cum
1423 3986 1754 4056 spectatum
1816 3973 1986 4038 ludos
2036 3975 2096 4036 in
2143 3975 2441 4036 theatrum
2488 3973 2749 4036 venisset
2790 3989 3051 4054 eumque
3097 3989 3275 4034 nemo
3322 3991 3355 4032 e
3399 3971 3627 4034 civibus
3668 3989 3903 4032 sessum
3952 3969 4258 4048 reciperet,

843 4095 914 4156 ad
963 4090 1562 4156 Lacedaemoniorum
1611 4092 1836 4166 legatos
1879 4087 2036 4150 forte
2079 4085 2365 4166 pervenit.
2435 4083 2548 4158 Qui
2595 4084 2854 4148 hominis
2899 4095 3087 4146 aetate
3136 4083 3280 4148 moti
3326 4101 3505 4146 canos
3550 4083 3676 4144 eius
3722 4091 3784 4142 et
3826 4099 4017 4146 annos
4060 4098 4261 4144 assur-

845 4207 1020 4287 gendi
1067 4203 1266 4268 officio
1311 4203 1570 4266 venerati
1615 4211 1758 4266 sunt
1801 4205 2126 4280 sedemque
2169 4199 2226 4260 ei
2269 4199 2426 4262 inter
2470 4198 2632 4278 ipsos
2678 4197 3138 4260 honoratissimo
3184 4197 3313 4258 loeo
3359 4193 3694 4258 dederunt'.

1131 4317 1247 4379 lam
1329 4335 1468 4379 vero
1543 4315 1852 4378 Rothstein
1929 4313 2096 4374 dicit:
2186 4311 2310 4372 ‘Die
2382 4309 2793 4390 Reibenfolge,
2870 4311 2928 4370 in
2992 4310 3099 4371 der
3160 4309 3255 4370 die
3317 4308 3627 4370 einzelnen
3687 4304 4085 4384 Handlungen
4160 4304 4262 4366 der

847 4432 1004 4494 Delia
1081 4430 1409 4510 ausgeziiblt
1471 4431 1734 4496 werden,
1823 4427 1901 4489 ist
1981 4425 2274 4488 durchaus
2355 4423 2597 4502 richtig,
2682 4423 2786 4484 der
2860 4421 3153 4484 Hausfrau
3232 4421 3373 4482 wird
3450 4420 3547 4484 die
3608 4419 3871 4482 Ankunl't
3944 4417 4051 4480 des
4126 4433 4260 4478 vot·-

849 4547 1113 4608 nehmen
1170 4543 1378 4607 Gastes
1453 4542 1770 4622 gemeldet,
1846 4540 1934 4600 sie
2007 4547 2170 4614 sorgt
2244 4547 2369 4597 erst
2433 4536 2532 4598 fur
2592 4535 2683 4596 die
2742 4534 3038 4603 Mahlzeit,
3114 4533 3243 4596 hier
3316 4535 3379 4596 in
3454 4535 3562 4595 der
3620 4533 3989 4594 eint'achsten
4050 4526 4263 4596 Weise,

852 4657 972 4720 und
1043 4657 1312 4736 begu-urst
1377 4665 1500 4716 erst
1566 4655 1721 4715 dann
1792 4652 1903 4713 den
1966 4649 2107 4712 Gast
2173 4648 2290 4709 und
2364 4647 2602 4708 bedient
2669 4647 2769 4710 ihn
2844 4647 2941 4709 bei
2999 4645 3243 4718 Tische,
3320 4647 3423 4707 das
3497 4645 3576 4707 ist
3653 4645 3787 4707 eine
3860 4641 4033 4719 vollig
4110 4639 4265 4699 klare

853 4770 971 4832 und
1047 4766 1463 4832 anschaulicbe
1522 4764 1930 4844 vorstellung,
2014 4780 2200 4842 gegen
2275 4761 2371 4826 die
2438 4759 2565 4822 sich
2652 4760 2845 4824 nichts
2931 4759 3282 4823 eiuwenden
3358 4758 3531 4824 lasst’.
3654 4759 3845 4836 Atque
3916 4771 4093 4833 quam
4166 4750 4268 4812 ille

853 4881 1129 4944 describit
1187 4899 1387 4942 rerum
1455 4878 1668 4938 seriem
1737 4876 2130 4939 rectissimam
2199 4893 2328 4936 esse
2397 4873 2531 4953 quis
2602 4869 2824 4950 neget?
2934 4873 3051 4934 Sed
3112 4881 3179 4934 ut
3234 4872 3351 4934 iam
3418 4871 3493 4932 de
3562 4872 3672 4930 hac
3730 4865 3891 4928 verbi
3950 4858 4263 4924 ‘venerata’

853 4993 1342 5073 interpretatione
1423 4989 1570 5052 nihil
1646 4988 1901 5069 amplius
1977 4988 2214 5056 addam,
2305 4984 2723 5066 praetermittit
2799 4987 2889 5046 vir
2964 4985 3349 5046 doctissimus
3423 5003 3488 5043 ea
3565 4999 3715 5058 quae
3789 4977 3928 5039 illud
4004 4983 4264 5035 ‘tantum

855 5115 1124 5167 venerata
1173 5102 1388 5166 virum’
1451 5102 1756 5182 excipiunt
1799 5102 1972 5162 verba
2036 5099 2224 5162 ‘hunc
2282 5098 2482 5160 sedula
2537 5097 2747 5158 curet'.
2842 5097 3042 5177 ltaque
3102 5097 3356 5175 neglexit
3417 5094 3621 5155 tollere
3681 5081 3809 5153 eam
3858 5089 4265 5152 difficultatem
